2910 4688
612 588 832 686 VITA.

102 941 104 945 ⁴
236 912 343 978 Natus
362 934 434 975 sum
454 908 589 976 Carolus
608 910 746 976 loannes
766 908 938 974 Neumann
959 931 1044 973 anno
1064 908 1159 972 huius
1176 907 1295 970 saeculi

148 1019 416 1103 quinquagesimo
455 1019 591 1103 septimo
629 1019 664 1081 in
698 1016 880 1082 Posnaniae
916 1015 1066 1100 praedio¹
1090 1015 1141 1080 oui
1177 1035 1294 1078 nomen

148 1130 198 1189 est
222 1125 395 1210 Glogowo,
421 1131 515 1210 patre
539 1123 721 1209 Theodoro,
748 1127 851 1188 matre
874 1123 958 1187 lulia
986 1146 1003 1187 e
1032 1127 1127 1207 gente
1151 1119 1295 1206 Wapler.

147 1230 238 1296 Fidei
271 1233 416 1298 addictus
450 1255 521 1297 sum
549 1232 760 1316 evangelicae.
813 1231 1011 1295 Litterarum
1039 1228 1230 1293 rudimentis
1246 1229 1295 1292 <in

148 1337 243 1404 domo
264 1341 366 1424 patris
385 1341 562 1405 instructus
577 1339 654 1403 anni
675 1340 759 1404 1866
775 1342 920 1423 ternpore
935 1333 1133 1403 auctumnali
1148 1339 1295 1420 receptus

148 1469 220 1510 sum
257 1448 291 1510 in
333 1448 540 1532 gymnasium
577 1446 879 1530 Krotoschiniense‚
918 1446 1003 1529 quod
1044 1449 1121 1509 tuno
1158 1444 1295 1508 florebat

147 1558 273 1618 rectore
290 1553 439 1638 Augusto
455 1553 620 1637 Gladisch,
639 1577 667 1618 v.
683 1554 731 1638 cl,
746 1554 936 1618 doctissimo
955 1554 1012 1618 illo
1032 1557 1065 1617 et
1085 1551 1294 1637 sagacissimo

148 1660 376 1745 philosophiae
414 1660 555 1725 Graecae
593 1663 845 1745 perscrutatore,
887 1661 956 1725 viro
997 1659 1120 1744 insigni
1157 1659 1295 1744 quadam

148 1768 352 1851 humanitate
371 1769 518 1853 praedito
543 1772 575 1833 et
595 1790 696 1852 aequa
716 1787 794 1851 erga
813 1789 924 1832 omnes
948 1768 1183 1833 benevolentia
1225 1766 1295 1830 lam

148 1898 225 1940 vero
240 1877 438 1940 maturitatis
457 1875 681 1940 testimonium
698 1875 833 1958 adeptus
849 1898 877 1938 a.
890 1875 975 1940 1875
989 1879 1133 1958 tempore
1148 1874 1295 1959 paschali

148 1983 294 2069 Lipsiam
318 2007 369 2048 me
394 1984 531 2067 contuli,
555 1983 610 2047 ubi
633 1982 832 2067 philologiae
853 2003 983 2067 operam
1008 2004 1171 2046 navarem.
1217 1980 1296 2046 Post

150 2113 206 2156 sex
229 2092 399 2156 semestria
422 2091 607 2177 Tubingam
631 2089 785 2174 migravi,
809 2090 865 2154 ubi
889 2090 986 2154 etiam
1010 2112 1096 2154 nunc
1115 2111 1296 2154 commoror

146 2221 257 2286 rerum
272 2199 478 2283 antiquarum
494 2198 599 2262 studio
615 2201 799 2281 occupatus.
824 2181 1041 2262 Audiviviros
1057 2196 1295 2261 illustrissimos

149 2304 411 2370 Brookhausium
431 2303 579 2369 Curtium
597 2304 827 2369 Drobischium
847 2303 1055 2389 Gocringium
1074 2303 1294 2368 Hermolaum

149 2412 310 2497 Langium
340 2413 486 2496 Lipsium
519 2411 815 2476 Mendelssohnium
848 2411 1045 2476 Osthoffium
1080 2411 1295 2476 Ritschelium

150 2519 363 2585 Sohuererum
381 2520 578 2604 lipsienses,
598 2517 766 2583 Flaohium
781 2518 1042 2584 Gutschmidium
1059 2517 1295 2604 Harttungium

150 2627 348 2711 Herzogium
366 2625 571 2711 Himpelium
589 2625 752 2691 ltohdium
773 2625 977 2691 Schwabium
1002 2625 1155 2691 Socinum
1175 2626 1295 2691 Tubin-

151 2754 275 2818 genses.
321 2732 461 2798 Interfui
489 2733 619 2816 Lipsiae
647 2717 935 2800 exercitationibus
969 2735 1162 2799 societatum
1190 2734 1295 2818 philo-

151 2841 272 2925 sophae
292 2840 474 2925 Goeringii,
493 2826 667 2905 historicae
687 2842 922 2912 ecclesiasticae
941 2841 1128 2924 Harnackii‚
1150 2842 1295 2926 antiqua-

150 2947 218 3011 riae
245 2947 375 3032 Langii,
401 2947 588 3031 philologae
616 2947 786 3012 Ritschclii
815 2971 912 3033 quam
939 2952 1016 3013 tunc
1044 2948 1295 3013 moderabantur

149 3052 432 3119 Mendelssohnius
465 3057 497 3117 et
529 3052 711 3119 Fridericus
744 3053 885 3136 Schoell;
918 3078 976 3139 per
1012 3055 1090 3119 bina
1127 3056 1295 3120 semestris

151 3161 378 3243 proseminarii
416 3161 574 3245 philologi
607 3166 640 3226 et
677 3162 840 3226 seminarii
874 3162 1054 3227 ordinarius
1086 3163 1134 3227 fui
1166 3163 1295 3228 sodalis.

152 3266 323 3352 Tubingac
341 3268 422 3333 mihi
441 3268 580 3353 contigit
600 3273 636 3333 ut
653 3269 870 3334 Gutsohmidii
889 3268 1175 3334 exercitationibus
1194 3271 1295 3336 histo·

151 3373 227 3439 riois
250 3375 450 3440 interessem.

237 3480 395 3548 Omnibus
408 3482 461 3547 his
475 3483 554 3548 viris
570 3484 693 3567 optime
710 3485 748 3548 de
768 3507 819 3548 me
833 3483 958 3548 meritis
978 3485 1102 3569 gratias
1118 3506 1179 3570 ago
1196 3467 1293 3570 quam

149 3589 323 3672 maximas,
348 3591 507 3675 imprimis
536 3596 644 3656 autern
673 3591 834 3656 Ludovico
862 3590 973 3677 Lange
997 3591 1116 3657 Adolfo
1141 3590 1294 3657 Harnaolr

149 3696 413 3779 praeceptoribus
444 3696 683 3781 Lipsiensibus,
711 3697 845 3764 Alfredo
879 3699 918 3762 de
951 3698 1143 3764 Gutschmid
1173 3698 1294 3763 Tubin-

151 3803 242 3886 gensi
274 3803 456 3868 studiorum
490 3826 634 3869 meorum
671 3805 853 3870 fautoribus
891 3808 924 3870 et
960 3806 1161 3872 adiutoribus
1198 3806 1293 3870 bene-

152 3907 389 3974 valentissimis.
