2910 4688
533 163 573 216 De
592 162 694 218 iuliani
712 163 847 218 librorum
865 164 939 218 fatis.
1293 165 1314 227 5

163 329 252 390 verba
267 330 334 390 hist.
350 330 421 390 eccl.
436 329 459 386 V
474 327 517 390 22
535 326 604 410 (vol.
624 330 659 390 ll.
674 350 702 409 p.
718 327 782 391 633
801 324 931 413 Hussey)
950 330 1035 391 haec:
1059 325 1110 392 Ἐν
1129 336 1166 412 τῇ
1183 329 1261 413 αὐτῇ
1277 331 1313 392 δὲ

163 433 385 518 Ἀλεξανδρείᾳ
395 434 595 512 ἀναγνῶεται
606 436 656 499 καὶ
666 435 838 516 ὑποβολεῑ(
849 434 1030 515 ἀδιάφορον
1041 433 1104 501 εἴτε
1120 437 1313 515 κατηχούμε-

164 542 214 607 νοί
225 542 301 606 einr
312 542 376 607 εἴτε
391 543 502 622 πιετοί,
517 547 583 607 τῶν
598 547 764 622 πανταχοῦ
775 544 947 622 ἐκκληαῶν
958 546 1086 608 merod(
1102 544 1146 608 el<
1157 545 1195 608 τὸ
1209 543 1313 624 τάγμα

162 653 259 713 τοῦτο
278 637 562 729 προβαλλαμένων.
594 652 668 713 Nam
687 652 832 714 lulianum
852 671 934 713 saera
954 655 1063 732 scripta
1083 672 1182 714 eoram
1202 654 1312 733 populo

162 761 303 819 recitasse
327 762 407 820 inter
431 778 533 819 omnes
558 767 685 840 constat3
710 760 745 820 cl.
769 758 891 839 Gregor.
910 760 977 820 Naz,
996 779 1038 820 or.
1058 759 1103 821 IV.
1122 780 1149 840 p.
1171 757 1246 822 88n
1266 762 1311 822 ed.

163 865 287 926 bened:
311 864 364 946 Τῷ
383 864 441 941 μέν
464 884 500 940 γε
525 865 632 946 κλήρῳ
656 865 813 943 φέροντες
832 864 967 929 ἑαυτοὺς
987 865 1206 945 ἐγκατέλεξαν,
1230 864 1310 929 ὥετε

161 971 212 1033 καὶ
240 970 297 1033 τὰ(
326 968 412 1034 θεῖα(
443 970 716 1047 ὑπαναγινώεκειν
744 976 790 1055 τῷ
822 976 890 1055 λαῷ
916 971 1055 1055 βίβλους
1084 993 1181 1054 neque
1212 977 1310 1035 minus

161 1088 264 1141 notum
281 1088 399 1140 estnon
415 1080 607 1141 Alexandriae
623 1100 691 1141 eum
706 1084 856 1143 recitasse.
885 1082 988 1161 Neque
1003 1084 1094 1161 igitur
1108 1084 1165 1141 iam
1181 1081 1310 1144 dubitari

161 1196 260 1267 potest
295 1188 330 1247 de
370 1187 515 1266 baptismo
545 1187 657 1248 lulloni.
705 1188 762 1258 Qui
791 1207 857 1248 cum
890 1197 993 1267 postea
1027 1189 1061 1248 ad
1094 1189 1310 1268 philosophiam

160 1295 340 1355 Platonicam
359 1296 513 1355 institutus
532 1302 663 1354 veterem
682 1295 855 1374 religionem
876 1295 1027 1375 amplexus
1043 1304 1130 1377 esset,
1149 1297 1219 1357 dum
1240 1300 1310 1358 vivit

160 1402 360 1482 Constantius,
380 1401 483 1461 celavit
498 1404 586 1462 animi
603 1405 870 1464 commutationem.
901 1404 959 1464 Sed
975 1403 1025 1464 nbi
1039 1405 1168 1482 primum
1184 1423 1309 1484 regnum

159 1511 326 1589 occupavit,
355 1510 496 1569 continuo
525 1508 590 1568 orbi
618 1519 765 1570 terrarum
794 1511 934 1590 patefecit
957 1510 1113 1590 reliquisse
1142 1531 1173 1572 se
1205 1531 1308 1572 novam

158 1616 355 1677 Galilaeorum
384 1626 502 1676 sectam.
545 1618 631 1688 Quod
662 1621 687 1677 si
711 1619 935 1679 consideramus
964 1637 1078 1679 summo
1108 1639 1175 1680 eum
1209 1620 1308 1681 studio

158 1743 190 1783 se
215 1724 331 1784 dedisse
355 1723 571 1805 philosophiae,
599 1727 657 1784 iam
680 1735 764 1785 antea
789 1726 973 1787 orationibus
997 1726 1162 1787 scribendis
1187 1746 1307 1807 operam

158 1849 290 1911 navasse,
314 1851 373 1892 non
397 1834 436 1892 ita
456 1833 548 1892 luisse
573 1832 608 1892 ab
632 1835 713 1892 omni
737 1835 934 1893 ostentatione
957 1832 1097 1915 liberum,
1117 1843 1151 1894 ut
1174 1852 1234 1894 non
1258 1854 1308 1895 ne-

157 1941 328 1999 cessitatem
351 1939 408 1999 sibi
432 1942 594 2000 iniunctam
618 1959 684 2001 esse
708 1948 845 2000 censeret
869 1942 987 2000 cunctis
1008 1941 1178 2001 hominibus
1203 1961 1306 2002 causas

157 2047 337 2127 exponendi,
366 2046 474 2126 quibus
505 2054 658 2125 permotus
691 2047 792 2107 relicta
828 2046 1062 2108 Christianorum
1096 2048 1237 2127 religione
1271 2050 1305 2110 ad

156 2155 301 2214 maiorum
311 2172 393 2214 sacra
404 2157 589 2215 revertisset:
599 2146 742 2233 peculiari
751 2174 818 2215 eum
826 2174 916 2235 opere
929 2175 1014 2215 uerno
1025 2156 1181 2217 mirabitur
1189 2176 1305 2237 aggres-

156 2279 222 2320 sum
248 2280 314 2322 esse
334 2262 530 2342 Christianos,
550 2262 673 2321 deorum
694 2261 823 2322 cultores
842 2263 1023 2345 defendisse,
1042 2268 1218 2343 praesertim
1238 2286 1304 2328 cum

157 2378 291 2446 speraret
311 2372 374 2429 sine
395 2368 485 2429 dubio
504 2387 592 2448 posse
611 2388 643 2429 se
663 2371 688 2429 si
708 2387 767 2429 non
786 2387 888 2429 omnes
908 2378 1038 2431 atcerte
1058 2371 1166 2432 multos
1185 2392 1201 2432 a
1221 2374 1305 2434 loeda

154 2478 366 2554 superstitione
405 2494 551 2535 revocare.
603 2476 699 2553 Atque
727 2483 833 2554 aperte·
857 2476 929 2536 dicit
961 2479 990 2536 in
1022 2478 1148 2556 epistula
1176 2478 1304 2540 LXXlX.

155 2582 247 2658 Hertl.
266 2601 294 2660 p.
311 2578 439 2662 605sq,
463 2601 551 2661 quam
574 2586 603 2643 in
629 2583 763 2643 Latinum
789 2602 957 2643 sermonem
981 2604 1153 2646 conversam
1178 2590 1304 2649 servavit

155 2689 326 2768 Facundus,
355 2691 455 2748 iniisse
484 2708 515 2748 se
545 2689 700 2750 consilium
724 2693 788 2750 eins
818 2692 896 2752 modi
924 2692 993 2752 libri
1025 2694 1245 2776 conscribendi;
1273 2696 1302 2756 id

154 2798 233 2876 quod
262 2816 349 2857 nemo
378 2796 473 2856 adbuc
507 2798 585 2876 quod
619 2801 710 2858 sciam
743 2800 956 2860 animadvertit.
996 2800 1052 2861 Sed
1082 2821 1150 2862 cum
1181 2810 1303 2864 secutus

153 2921 266 2962 morem
289 2921 305 2962 a
325 2904 500 2965 Christianis
524 2913 595 2966 tunc
617 2914 784 2989 receptum,
808 2911 893 2969 cuius
913 2909 1078 2988 exemplum
1103 2910 1301 2972 luculentissi-

154 3028 234 3070 mum
248 3018 365 3071 exstant
379 3010 467 3072 Italae
488 3000 562 3092 quae
582 3015 690 3074 dicitur
710 3034 863 3076 sacrorum
883 3016 1027 3077 librorum
1047 3019 1300 3096 interpretationis

153 3116 309 3199 reliquiae,
336 3117 458 3180 verbum
483 3121 545 3180 lere
569 3122 605 3181 de
630 3121 719 3181 verbo
743 3125 924 3201 exprimeret
946 3122 1117 3204 Facundus,
1141 3126 1239 3187 ellecit
1262 3128 1301 3208 id,

155 3233 186 3284 ut
205 3224 310 3286 luliani
333 3227 457 3306 epistula
483 3228 612 3306 intellegi
637 3231 683 3288 vix
702 3232 797 3308 possit
817 3232 872 3290 nisi
893 3230 1021 3290 Graecae
1041 3230 1157 3310 linguae
1177 3233 1299 3294 reddita.

155 3330 281 3411 Scripsit
295 3340 393 3393 autem
409 3333 539 3394 lulianus
553 3335 625 3394 haec
644 3337 674 3395 in
690 3321 816 3414 epistula
835 3337 870 3396 ad
885 3337 1043 3398 Photinum
1063 3338 1298 3401 haeresiarcham

151 3438 230 3498 data:
259 3439 323 3519 „Tu
343 3442 472 3521 quidem,
495 3460 512 3500 o
532 3442 666 3522 Photide,
690 3443 858 3503 verisimilis
882 3445 990 3504 videris
1015 3455 1044 3505 et
1066 3449 1220 3525 proximus
1245 3449 1298 3509 sal-

150 3539 253 3626 var-il),
273 3545 670 3641 benefaciensneqnaquam
694 3552 724 3608 in
753 3559 838 3609 utero
867 3551 1008 3611 inducere
1033 3571 1122 3631 quem
1146 3536 1298 3616 credidisti

150 3651 246 3711 deum.
285 3652 430 3712 Diodorus
459 3662 555 3713 autem
579 3653 718 3715 Nazaraei
747 3674 849 3735 magus
873 3660 936 3716 eins
964 3658 1192 3736 pigmentalibus
1216 3680 1296 3721 man-

149 3751 266 3840 ganiel)
290 3777 400 3819 acuens
424 3761 719 3843 irrationabilitatem,
743 3773 847 3824 acutus
870 3767 1005 3843 apparuit
1028 3765 1159 3845 sophista
1180 3768 1295 3847 religio·

150 3868 196 3924 nis
219 3860 373 3943 agrestis.“
410 3866 555 3928 Vertenda
575 3879 673 3930 aulem
694 3871 830 3932 videntur
854 3871 932 3931 hunc
957 3872 1018 3932 lere
1043 3875 1072 3933 in
1097 3874 1229 3936 modum:
1253 3874 1294 3937 (ὺ

221 4111 245 4178 1)
267 4109 406 4163 ‘Salvere'
427 4111 455 4164 in
476 4109 600 4165 ‘salvari’
621 4114 738 4169 mutavi.

220 4201 247 4266 2)
267 4199 311 4254 Ita
330 4198 507 4253 scribendum
525 4217 586 4254 esse
606 4202 732 4258 existimo
755 4221 806 4274 pro
825 4206 932 4260 tradita
951 4206 1088 4276 scriptura
1107 4209 1294 4280 manganes,

148 4305 165 4341 a
184 4304 239 4356 qua
257 4306 292 4342 ne
311 4287 472 4343 Hertleuius
491 4287 605 4360 quidem
621 4293 749 4351 recessit.
