<?xml version="1.0" encoding="UTF-8"?>
<!DOCTYPE html PUBLIC "-//W3C//DTD XHTML 1.0 Transitional//EN"
    "http://www.w3.org/TR/xhtml1/DTD/xhtml1-transitional.dtd">
<html xmlns="http://www.w3.org/1999/xhtml" xml:lang="en" lang="en">
 <head>
  <title>
</title>
<meta http-equiv="Content-Type" content="text/html;charset=utf-8" />
  <meta name='ocr-system' content='tesseract 3.04.00' />
  <meta name='ocr-capabilities' content='ocr_page ocr_carea ocr_par ocr_line ocrx_word'/>
</head>
<body>
  <div class='ocr_page' id='page_1' title='image "./prolegomenainju00neumgoog_0037.png"; bbox 0 0 2910 4688; ppageno 0'>
   <div class='ocr_carea' id='block_1_1' title="bbox 527 160 1301 222">
    <p class='ocr_par' dir='ltr' id='par_1_1' title="bbox 527 160 1301 222">
     <span class='ocr_line' id='line_1_1' title="bbox 527 160 1301 222; baseline 0.004 -3"><span class='ocrx_word' id='word_1_1' title='bbox 527 166 569 220; x_wconf 85' lang='lat' dir='ltr'>Da</span> <span class='ocrx_word' id='word_1_2' title='bbox 588 162 688 218; x_wconf 87' lang='lat' dir='ltr'>iuliani</span> <span class='ocrx_word' id='word_1_3' title='bbox 705 163 841 218; x_wconf 88' lang='lat' dir='ltr'>librorum</span> <span class='ocrx_word' id='word_1_4' title='bbox 860 161 935 218; x_wconf 79' lang='lat' dir='ltr'>fabis.</span> <span class='ocrx_word' id='word_1_5' title='bbox 1260 160 1301 222; x_wconf 80' lang='lat'>31</span> 
     </span>
    </p>
   </div>
   <div class='ocr_carea' id='block_1_2' title="bbox 151 327 1368 2553">
    <p class='ocr_par' dir='ltr' id='par_1_2' title="bbox 151 327 1368 2553">
     <span class='ocr_line' id='line_1_2' title="bbox 153 327 1302 407; baseline -0.009 -13"><span class='ocrx_word' id='word_1_6' title='bbox 153 352 210 394; x_wconf 92' lang='lat' dir='ltr'>nos</span> <span class='ocrx_word' id='word_1_7' title='bbox 233 333 324 394; x_wconf 91' lang='lat' dir='ltr'>libris.</span> <span class='ocrx_word' id='word_1_8' title='bbox 362 333 421 393; x_wconf 93' lang='lat' dir='ltr'>Iam</span> <span class='ocrx_word' id='word_1_9' title='bbox 451 351 521 393; x_wconf 88' lang='lat' dir='ltr'>vero</span> <span class='ocrx_word' id='word_1_10' title='bbox 550 349 618 392; x_wconf 91' lang='lat' dir='ltr'>cum</span> <span class='ocrx_word' id='word_1_11' title='bbox 648 330 677 391; x_wconf 94' lang='lat' dir='ltr'>id</span> <span class='ocrx_word' id='word_1_12' title='bbox 702 329 823 390; x_wconf 82' lang='lat' dir='ltr'>dublum</span> <span class='ocrx_word' id='word_1_13' title='bbox 854 346 918 388; x_wconf 89' lang='lat' dir='ltr'>esse</span> <span class='ocrx_word' id='word_1_14' title='bbox 948 345 1006 387; x_wconf 93' lang='lat' dir='ltr'>non</span> <span class='ocrx_word' id='word_1_15' title='bbox 1034 328 1141 407; x_wconf 87' lang='lat' dir='ltr'>possit,</span> <span class='ocrx_word' id='word_1_16' title='bbox 1172 327 1243 405; x_wconf 87' lang='lat' dir='ltr'>quiu</span> <span class='ocrx_word' id='word_1_17' title='bbox 1272 327 1302 385; x_wconf 94' lang='lat' dir='ltr'>in</span> 
     </span>
     <span class='ocr_line' id='line_1_3' title="bbox 152 432 1302 520; baseline -0.005 -20"><span class='ocrx_word' id='word_1_18' title='bbox 152 439 229 501; x_wconf 92' lang='lat' dir='ltr'>libro</span> <span class='ocrx_word' id='word_1_19' title='bbox 245 440 365 500; x_wconf 87' lang='lat' dir='ltr'>Diodori</span> <span class='ocrx_word' id='word_1_20' title='bbox 387 443 480 520; x_wconf 89' lang='lat' dir='ltr'>gratia</span> <span class='ocrx_word' id='word_1_21' title='bbox 501 447 603 500; x_wconf 91' lang='lat' dir='ltr'>contra</span> <span class='ocrx_word' id='word_1_22' title='bbox 622 436 768 499; x_wconf 91' lang='lat' dir='ltr'>lulianum</span> <span class='ocrx_word' id='word_1_23' title='bbox 788 438 898 516; x_wconf 89' lang='lat' dir='ltr'>scripto</span> <span class='ocrx_word' id='word_1_24' title='bbox 916 436 1004 495; x_wconf 92' lang='lat' dir='ltr'>etiam</span> <span class='ocrx_word' id='word_1_25' title='bbox 1022 432 1180 494; x_wconf 91' lang='lat' dir='ltr'>Photinum</span> <span class='ocrx_word' id='word_1_26' title='bbox 1199 433 1302 495; x_wconf 91' lang='lat' dir='ltr'>haere-</span> 
     </span>
     <span class='ocr_line' id='line_1_4' title="bbox 157 540 1302 628; baseline -0.007 -20"><span class='ocrx_word' id='word_1_27' title='bbox 157 547 303 608; x_wconf 90' lang='lat' dir='ltr'>siarcham</span> <span class='ocrx_word' id='word_1_28' title='bbox 329 566 485 628; x_wconf 83' lang='lat' dir='ltr'>aggressus</span> <span class='ocrx_word' id='word_1_29' title='bbox 510 548 549 608; x_wconf 91' lang='lat' dir='ltr'>sit</span> <span class='ocrx_word' id='word_1_30' title='bbox 571 546 634 628; x_wconf 92' lang='lat' dir='ltr'>ille,</span> <span class='ocrx_word' id='word_1_31' title='bbox 658 547 743 606; x_wconf 91' lang='lat' dir='ltr'>cuius</span> <span class='ocrx_word' id='word_1_32' title='bbox 767 546 948 604; x_wconf 85' lang='lat' dir='ltr'>mentionem</span> <span class='ocrx_word' id='word_1_33' title='bbox 976 542 1095 602; x_wconf 81' lang='lat' dir='ltr'>fecisset</span> <span class='ocrx_word' id='word_1_34' title='bbox 1117 540 1248 602; x_wconf 91' lang='lat' dir='ltr'>lulianus</span> <span class='ocrx_word' id='word_1_35' title='bbox 1270 543 1302 601; x_wconf 94' lang='lat' dir='ltr'>in</span> 
     </span>
     <span class='ocr_line' id='line_1_5' title="bbox 152 643 1301 733; baseline -0.005 -19"><span class='ocrx_word' id='word_1_36' title='bbox 152 653 240 715; x_wconf 92' lang='lat' dir='ltr'>libris</span> <span class='ocrx_word' id='word_1_37' title='bbox 262 656 326 714; x_wconf 91' lang='lat' dir='ltr'>suis</span> <span class='ocrx_word' id='word_1_38' title='bbox 350 661 453 714; x_wconf 90' lang='lat' dir='ltr'>contra</span> <span class='ocrx_word' id='word_1_39' title='bbox 477 652 661 714; x_wconf 81' lang='lat' dir='ltr'>Christianos</span> <span class='ocrx_word' id='word_1_40' title='bbox 685 643 844 733; x_wconf 78' lang='lat' dir='ltr'>scriptis,¹)</span> <span class='ocrx_word' id='word_1_41' title='bbox 873 650 938 710; x_wconf 89' lang='lat' dir='ltr'>fieri</span> <span class='ocrx_word' id='word_1_42' title='bbox 962 667 1020 709; x_wconf 92' lang='lat' dir='ltr'>non</span> <span class='ocrx_word' id='word_1_43' title='bbox 1043 657 1154 729; x_wconf 92' lang='lat' dir='ltr'>potest,</span> <span class='ocrx_word' id='word_1_44' title='bbox 1177 657 1211 709; x_wconf 88' lang='lat' dir='ltr'>nt</span> <span class='ocrx_word' id='word_1_45' title='bbox 1234 656 1301 708; x_wconf 90' lang='lat' dir='ltr'>ante</span> 
     </span>
     <span class='ocr_line' id='line_1_6' title="bbox 153 754 1301 843; baseline -0.005 -22"><span class='ocrx_word' id='word_1_46' title='bbox 153 780 264 823; x_wconf 91' lang='lat' dir='ltr'>annum</span> <span class='ocrx_word' id='word_1_47' title='bbox 284 756 434 843; x_wconf 74' lang='lat' dir='ltr'>378s379,</span> <span class='ocrx_word' id='word_1_48' title='bbox 458 764 509 840; x_wconf 90' lang='lat' dir='ltr'>qui</span> <span class='ocrx_word' id='word_1_49' title='bbox 532 762 650 821; x_wconf 91' lang='lat' dir='ltr'>initium</span> <span class='ocrx_word' id='word_1_50' title='bbox 670 761 749 839; x_wconf 86' lang='lat' dir='ltr'>cepit</span> <span class='ocrx_word' id='word_1_51' title='bbox 771 778 786 818; x_wconf 92' lang='lat' dir='ltr'>a</span> <span class='ocrx_word' id='word_1_52' title='bbox 806 757 867 819; x_wconf 89' lang='lat' dir='ltr'>Kal.</span> <span class='ocrx_word' id='word_1_53' title='bbox 887 757 951 818; x_wconf 83' lang='lat' dir='ltr'>Oct.</span> <span class='ocrx_word' id='word_1_54' title='bbox 975 759 1045 818; x_wconf 93' lang='lat' dir='ltr'>anni</span> <span class='ocrx_word' id='word_1_55' title='bbox 1064 754 1137 837; x_wconf 78' lang='lat'>378,</span> <span class='ocrx_word' id='word_1_56' title='bbox 1161 758 1301 836; x_wconf 85' lang='lat' dir='ltr'>scriptam</span> 
     </span>
     <span class='ocr_line' id='line_1_7' title="bbox 153 866 1301 946; baseline -0.006 -17"><span class='ocrx_word' id='word_1_57' title='bbox 153 887 220 929; x_wconf 90' lang='lat' dir='ltr'>esse</span> <span class='ocrx_word' id='word_1_58' title='bbox 243 867 391 929; x_wconf 87' lang='lat' dir='ltr'>Theodori</span> <span class='ocrx_word' id='word_1_59' title='bbox 416 886 589 928; x_wconf 87' lang='lat' dir='ltr'>censeamus</span> <span class='ocrx_word' id='word_1_60' title='bbox 613 867 834 946; x_wconf 84' lang='lat' dir='ltr'>refutationem,</span> <span class='ocrx_word' id='word_1_61' title='bbox 861 883 949 944; x_wconf 90' lang='lat' dir='ltr'>quem</span> <span class='ocrx_word' id='word_1_62' title='bbox 973 866 1184 943; x_wconf 89' lang='lat' dir='ltr'>quinquaginta</span> <span class='ocrx_word' id='word_1_63' title='bbox 1207 881 1301 943; x_wconf 91' lang='lat' dir='ltr'>paene</span> 
     </span>
     <span class='ocr_line' id='line_1_8' title="bbox 154 970 1310 1054; baseline -0.006 -17"><span class='ocrx_word' id='word_1_64' title='bbox 154 979 240 1037; x_wconf 93' lang='lat' dir='ltr'>annis</span> <span class='ocrx_word' id='word_1_65' title='bbox 274 976 390 1036; x_wconf 87' lang='lat' dir='ltr'>fortiter</span> <span class='ocrx_word' id='word_1_66' title='bbox 424 992 603 1054; x_wconf 83' lang='lat' dir='ltr'>repugnasse</span> <span class='ocrx_word' id='word_1_67' title='bbox 635 976 750 1034; x_wconf 92' lang='lat' dir='ltr'>cunctis</span> <span class='ocrx_word' id='word_1_68' title='bbox 782 972 956 1033; x_wconf 84' lang='lat' dir='ltr'>haeresibus</span> <span class='ocrx_word' id='word_1_69' title='bbox 989 973 1147 1032; x_wconf 90' lang='lat' dir='ltr'>memoriae</span> <span class='ocrx_word' id='word_1_70' title='bbox 1182 970 1310 1040; x_wconf 71' lang='lat' dir='ltr'>tradidit,</span> 
     </span>
     <span class='ocr_line' id='line_1_9' title="bbox 153 1073 1368 1162; baseline -0.005 -19"><span class='ocrx_word' id='word_1_71' title='bbox 153 1083 277 1143; x_wconf 92' lang='lat' dir='ltr'>Ioannes</span> <span class='ocrx_word' id='word_1_72' title='bbox 311 1084 468 1161; x_wconf 92' lang='lat' dir='ltr'>episcopus</span> <span class='ocrx_word' id='word_1_73' title='bbox 508 1100 523 1140; x_wconf 92' lang='lat' dir='ltr'>a</span> <span class='ocrx_word' id='word_1_74' title='bbox 556 1079 694 1140; x_wconf 89' lang='lat' dir='ltr'>Facundo</span> <span class='ocrx_word' id='word_1_75' title='bbox 731 1073 909 1162; x_wconf 74' lang='lat' dir='ltr'>laudatus.2)</span> <span class='ocrx_word' id='word_1_76' title='bbox 959 1079 1022 1150; x_wconf 84' lang='lat' dir='ltr'>Qua</span> <span class='ocrx_word' id='word_1_77' title='bbox 1055 1085 1153 1139; x_wconf 87' lang='lat' dir='ltr'>antem</span> <span class='ocrx_word' id='word_1_78' title='bbox 1184 1078 1302 1157; x_wconf 90' lang='lat' dir='ltr'>potissi·</span> <span class='ocrx_word' id='word_1_79' title='bbox 1335 1111 1338 1116; x_wconf 93' lang='lat'>·</span> <span class='ocrx_word' id='word_1_80' title='bbox 1365 1119 1368 1125; x_wconf 85' lang='lat'>-</span> 
     </span>
     <span class='ocr_line' id='line_1_10' title="bbox 152 1181 1301 1268; baseline -0.004 -18"><span class='ocrx_word' id='word_1_81' title='bbox 152 1208 234 1250; x_wconf 91' lang='lat' dir='ltr'>mum</span> <span class='ocrx_word' id='word_1_82' title='bbox 272 1191 301 1248; x_wconf 93' lang='lat' dir='ltr'>in</span> <span class='ocrx_word' id='word_1_83' title='bbox 340 1187 414 1249; x_wconf 90' lang='lat' dir='ltr'>urbe</span> <span class='ocrx_word' id='word_1_84' title='bbox 448 1187 597 1268; x_wconf 89' lang='lat' dir='ltr'>putandus</span> <span class='ocrx_word' id='word_1_85' title='bbox 634 1196 679 1247; x_wconf 88' lang='lat' dir='ltr'>est</span> <span class='ocrx_word' id='word_1_86' title='bbox 716 1185 891 1247; x_wconf 88' lang='lat' dir='ltr'>Theodorus</span> <span class='ocrx_word' id='word_1_87' title='bbox 929 1186 1102 1246; x_wconf 89' lang='lat' dir='ltr'>refutavisse</span> <span class='ocrx_word' id='word_1_88' title='bbox 1135 1181 1301 1246; x_wconf 78' lang='lat' dir='ltr'>lullanum?</span> 
     </span>
     <span class='ocr_line' id='line_1_11' title="bbox 153 1292 1301 1374; baseline -0.003 -17"><span class='ocrx_word' id='word_1_89' title='bbox 153 1296 373 1357; x_wconf 85' lang='lat' dir='ltr'>Commoratum</span> <span class='ocrx_word' id='word_1_90' title='bbox 408 1313 475 1355; x_wconf 92' lang='lat' dir='ltr'>eum</span> <span class='ocrx_word' id='word_1_91' title='bbox 500 1312 565 1355; x_wconf 92' lang='lat' dir='ltr'>esse</span> <span class='ocrx_word' id='word_1_92' title='bbox 595 1312 654 1353; x_wconf 95' lang='lat' dir='ltr'>non</span> <span class='ocrx_word' id='word_1_93' title='bbox 683 1294 853 1372; x_wconf 85' lang='lat' dir='ltr'>ignoramus</span> <span class='ocrx_word' id='word_1_94' title='bbox 881 1292 1091 1373; x_wconf 87' lang='lat' dir='ltr'>Mopsuestiae,</span> <span class='ocrx_word' id='word_1_95' title='bbox 1119 1292 1217 1374; x_wconf 84' lang='lat' dir='ltr'>Tarsi,</span> <span class='ocrx_word' id='word_1_96' title='bbox 1245 1294 1301 1353; x_wconf 83' lang='lat' dir='ltr'>An·</span> 
     </span>
     <span class='ocr_line' id='line_1_12' title="bbox 153 1383 1340 1481; baseline -0.003 -16"><span class='ocrx_word' id='word_1_97' title='bbox 153 1404 288 1465; x_wconf 90' lang='lat' dir='ltr'>tiochiae.</span> <span class='ocrx_word' id='word_1_98' title='bbox 325 1401 497 1463; x_wconf 82' lang='lat' dir='ltr'>Antiochiae</span> <span class='ocrx_word' id='word_1_99' title='bbox 526 1411 624 1463; x_wconf 82' lang='lat' dir='ltr'>autem</span> <span class='ocrx_word' id='word_1_100' title='bbox 653 1402 791 1479; x_wconf 88' lang='lat' dir='ltr'>quoniam</span> <span class='ocrx_word' id='word_1_101' title='bbox 819 1402 882 1480; x_wconf 95' lang='lat' dir='ltr'>ipse</span> <span class='ocrx_word' id='word_1_102' title='bbox 906 1399 1036 1461; x_wconf 92' lang='lat' dir='ltr'>Iulianus</span> <span class='ocrx_word' id='word_1_103' title='bbox 1059 1402 1220 1480; x_wconf 90' lang='lat' dir='ltr'>imperator</span> <span class='ocrx_word' id='word_1_104' title='bbox 1247 1419 1301 1481; x_wconf 90' lang='lat' dir='ltr'>per</span> <span class='ocrx_word' id='word_1_105' title='bbox 1337 1383 1340 1388; x_wconf 35' lang='lat'><em>¹</em></span> 
     </span>
     <span class='ocr_line' id='line_1_13' title="bbox 152 1506 1302 1591; baseline -0.003 -20"><span class='ocrx_word' id='word_1_106' title='bbox 152 1511 280 1572; x_wconf 92' lang='lat' dir='ltr'>hiemem</span> <span class='ocrx_word' id='word_1_107' title='bbox 306 1514 375 1571; x_wconf 91' lang='lat' dir='ltr'>anni</span> <span class='ocrx_word' id='word_1_108' title='bbox 398 1506 540 1591; x_wconf 66' lang='lat' dir='ltr'>362l363</span> <span class='ocrx_word' id='word_1_109' title='bbox 570 1518 704 1569; x_wconf 88' lang='lat' dir='ltr'>versatus</span> <span class='ocrx_word' id='word_1_110' title='bbox 733 1507 958 1567; x_wconf 81' lang='lat' dir='ltr'>familiarissime</span> <span class='ocrx_word' id='word_1_111' title='bbox 989 1526 1061 1567; x_wconf 91' lang='lat' dir='ltr'>usus</span> <span class='ocrx_word' id='word_1_112' title='bbox 1085 1517 1149 1591; x_wconf 81' lang='lat' dir='ltr'>erat</span> <span class='ocrx_word' id='word_1_113' title='bbox 1171 1507 1302 1589; x_wconf 89' lang='lat' dir='ltr'>Libanio,</span> 
     </span>
     <span class='ocr_line' id='line_1_14' title="bbox 151 1614 1302 1698; baseline -0.003 -19"><span class='ocrx_word' id='word_1_114' title='bbox 151 1621 247 1679; x_wconf 89' lang='lat' dir='ltr'>iratus</span> <span class='ocrx_word' id='word_1_115' title='bbox 276 1622 326 1698; x_wconf 88' lang='lat' dir='ltr'>qui</span> <span class='ocrx_word' id='word_1_116' title='bbox 355 1621 452 1697; x_wconf 92' lang='lat' dir='ltr'>ipsum</span> <span class='ocrx_word' id='word_1_117' title='bbox 469 1616 606 1677; x_wconf 86' lang='lat' dir='ltr'>oderant</span> <span class='ocrx_word' id='word_1_118' title='bbox 629 1614 836 1695; x_wconf 68' lang='lat' dir='ltr'>Antiochorum,</span> <span class='ocrx_word' id='word_1_119' title='bbox 864 1633 923 1674; x_wconf 94' lang='lat' dir='ltr'>non</span> <span class='ocrx_word' id='word_1_120' title='bbox 954 1616 1017 1675; x_wconf 91' lang='lat' dir='ltr'>sine</span> <span class='ocrx_word' id='word_1_121' title='bbox 1047 1614 1143 1695; x_wconf 88' lang='lat' dir='ltr'>aliqua</span> <span class='ocrx_word' id='word_1_122' title='bbox 1170 1618 1302 1678; x_wconf 87' lang='lat' dir='ltr'>veritatis</span> 
     </span>
     <span class='ocr_line' id='line_1_15' title="bbox 153 1722 1301 1804; baseline -0.003 -19"><span class='ocrx_word' id='word_1_123' title='bbox 153 1728 254 1804; x_wconf 91' lang='lat' dir='ltr'>specie</span> <span class='ocrx_word' id='word_1_124' title='bbox 278 1733 442 1794; x_wconf 89' lang='lat' dir='ltr'>statuemus</span> <span class='ocrx_word' id='word_1_125' title='bbox 461 1723 650 1784; x_wconf 89' lang='lat' dir='ltr'>Theodorum</span> <span class='ocrx_word' id='word_1_126' title='bbox 675 1725 705 1783; x_wconf 93' lang='lat' dir='ltr'>in</span> <span class='ocrx_word' id='word_1_127' title='bbox 729 1722 782 1782; x_wconf 94' lang='lat' dir='ltr'>hac</span> <span class='ocrx_word' id='word_1_128' title='bbox 806 1725 869 1801; x_wconf 90' lang='lat' dir='ltr'>ipsa</span> <span class='ocrx_word' id='word_1_129' title='bbox 893 1722 967 1783; x_wconf 90' lang='lat' dir='ltr'>urbe</span> <span class='ocrx_word' id='word_1_130' title='bbox 987 1723 1195 1785; x_wconf 89' lang='lat' dir='ltr'>refutationem</span> <span class='ocrx_word' id='word_1_131' title='bbox 1219 1741 1301 1784; x_wconf 92' lang='lat' dir='ltr'>suam</span> 
     </span>
     <span class='ocr_line' id='line_1_16' title="bbox 154 1826 1301 1911; baseline 0 -21"><span class='ocrx_word' id='word_1_132' title='bbox 154 1832 319 1911; x_wconf 88' lang='lat' dir='ltr'>scripsisse,</span> <span class='ocrx_word' id='word_1_133' title='bbox 339 1831 531 1891; x_wconf 81' lang='lat' dir='ltr'>Antiochenis</span> <span class='ocrx_word' id='word_1_134' title='bbox 547 1833 610 1891; x_wconf 92' lang='lat' dir='ltr'>sine</span> <span class='ocrx_word' id='word_1_135' title='bbox 625 1828 715 1890; x_wconf 87' lang='lat' dir='ltr'>dubio</span> <span class='ocrx_word' id='word_1_136' title='bbox 731 1847 768 1889; x_wconf 95' lang='lat' dir='ltr'>ne</span> <span class='ocrx_word' id='word_1_137' title='bbox 788 1826 939 1890; x_wconf 85' lang='lat' dir='ltr'>mortuum</span> <span class='ocrx_word' id='word_1_138' title='bbox 954 1830 1073 1909; x_wconf 90' lang='lat' dir='ltr'>quidem</span> <span class='ocrx_word' id='word_1_139' title='bbox 1092 1832 1301 1910; x_wconf 88' lang='lat' dir='ltr'>imperatorem</span> 
     </span>
     <span class='ocr_line' id='line_1_17' title="bbox 153 1923 1301 2019; baseline 0.002 -22"><span class='ocrx_word' id='word_1_140' title='bbox 153 1945 237 2016; x_wconf 91' lang='lat' dir='ltr'>grata</span> <span class='ocrx_word' id='word_1_141' title='bbox 266 1923 615 2017; x_wconf 56' lang='lat' dir='ltr'>memoria&#39;prosecutis,</span> <span class='ocrx_word' id='word_1_142' title='bbox 644 1939 708 1997; x_wconf 91' lang='lat' dir='ltr'>vivo</span> <span class='ocrx_word' id='word_1_143' title='bbox 737 1939 889 1997; x_wconf 87' lang='lat' dir='ltr'>etiamtum</span> <span class='ocrx_word' id='word_1_144' title='bbox 913 1936 1049 2019; x_wconf 88' lang='lat' dir='ltr'>Libanio,</span> <span class='ocrx_word' id='word_1_145' title='bbox 1078 1955 1093 1997; x_wconf 95' lang='lat' dir='ltr'>a</span> <span class='ocrx_word' id='word_1_146' title='bbox 1121 1957 1180 2017; x_wconf 88' lang='lat' dir='ltr'>quo</span> <span class='ocrx_word' id='word_1_147' title='bbox 1208 1930 1301 1999; x_wconf 89' lang='lat' dir='ltr'>desci-</span> 
     </span>
     <span class='ocr_line' id='line_1_18' title="bbox 151 2037 1301 2127; baseline 0.003 -26"><span class='ocrx_word' id='word_1_148' title='bbox 151 2049 234 2102; x_wconf 91' lang='lat' dir='ltr'>verat</span> <span class='ocrx_word' id='word_1_149' title='bbox 253 2041 436 2125; x_wconf 89' lang='lat' dir='ltr'>Theodorus,</span> <span class='ocrx_word' id='word_1_150' title='bbox 457 2063 524 2104; x_wconf 91' lang='lat' dir='ltr'>cnm</span> <span class='ocrx_word' id='word_1_151' title='bbox 544 2044 629 2104; x_wconf 92' lang='lat' dir='ltr'>initio</span> <span class='ocrx_word' id='word_1_152' title='bbox 649 2045 712 2104; x_wconf 92' lang='lat' dir='ltr'>eius</span> <span class='ocrx_word' id='word_1_153' title='bbox 731 2042 884 2122; x_wconf 85' lang='lat' dir='ltr'>disciplina</span> <span class='ocrx_word' id='word_1_154' title='bbox 905 2062 977 2104; x_wconf 90' lang='lat' dir='ltr'>usus</span> <span class='ocrx_word' id='word_1_155' title='bbox 997 2037 1114 2127; x_wconf 83' lang='lat' dir='ltr'>esset.³)</span> <span class='ocrx_word' id='word_1_156' title='bbox 1152 2044 1211 2105; x_wconf 89' lang='lat' dir='ltr'>Iam</span> <span class='ocrx_word' id='word_1_157' title='bbox 1230 2063 1301 2105; x_wconf 90' lang='lat' dir='ltr'>vero</span> 
     </span>
     <span class='ocr_line' id='line_1_19' title="bbox 152 2149 1300 2233; baseline 0.002 -24"><span class='ocrx_word' id='word_1_158' title='bbox 152 2167 232 2210; x_wconf 90' lang='lat' dir='ltr'>nunc</span> <span class='ocrx_word' id='word_1_159' title='bbox 256 2149 381 2211; x_wconf 80' lang='lat' dir='ltr'>alterum</span> <span class='ocrx_word' id='word_1_160' title='bbox 405 2153 565 2211; x_wconf 92' lang='lat' dir='ltr'>terminum</span> <span class='ocrx_word' id='word_1_161' title='bbox 589 2151 727 2230; x_wconf 91' lang='lat' dir='ltr'>indagare</span> <span class='ocrx_word' id='word_1_162' title='bbox 751 2170 919 2233; x_wconf 89' lang='lat' dir='ltr'>possumus,</span> <span class='ocrx_word' id='word_1_163' title='bbox 942 2159 1010 2212; x_wconf 91' lang='lat' dir='ltr'>ante</span> <span class='ocrx_word' id='word_1_164' title='bbox 1034 2169 1122 2230; x_wconf 89' lang='lat' dir='ltr'>quem</span> <span class='ocrx_word' id='word_1_165' title='bbox 1145 2151 1300 2231; x_wconf 89' lang='lat' dir='ltr'>ponendus</span> 
     </span>
     <span class='ocr_line' id='line_1_20' title="bbox 152 2256 1299 2322; baseline 0.003 -6"><span class='ocrx_word' id='word_1_166' title='bbox 152 2258 191 2316; x_wconf 92' lang='lat' dir='ltr'>sit</span> <span class='ocrx_word' id='word_1_167' title='bbox 214 2256 363 2318; x_wconf 87' lang='lat' dir='ltr'>Theodori</span> <span class='ocrx_word' id='word_1_168' title='bbox 385 2258 468 2318; x_wconf 89' lang='lat' dir='ltr'>liber.</span> <span class='ocrx_word' id='word_1_169' title='bbox 506 2257 550 2317; x_wconf 84' lang='lat' dir='ltr'>Er</span> <span class='ocrx_word' id='word_1_170' title='bbox 574 2258 753 2320; x_wconf 86' lang='lat' dir='ltr'>Theodoreti</span> <span class='ocrx_word' id='word_1_171' title='bbox 777 2261 856 2319; x_wconf 94' lang='lat' dir='ltr'>enim</span> <span class='ocrx_word' id='word_1_172' title='bbox 880 2258 978 2319; x_wconf 89' lang='lat' dir='ltr'>verbis</span> <span class='ocrx_word' id='word_1_173' title='bbox 1002 2259 1029 2319; x_wconf 92' lang='lat' dir='ltr'>h.</span> <span class='ocrx_word' id='word_1_174' title='bbox 1049 2277 1074 2318; x_wconf 91' lang='lat' dir='ltr'>e.</span> <span class='ocrx_word' id='word_1_175' title='bbox 1098 2256 1182 2319; x_wconf 84' lang='lat' dir='ltr'>V39</span> <span class='ocrx_word' id='word_1_176' title='bbox 1207 2258 1239 2322; x_wconf 81' lang='grc' dir='ltr'>ἓξ</span> <span class='ocrx_word' id='word_1_177' title='bbox 1264 2257 1299 2319; x_wconf 80' lang='grc' dir='ltr'>δὲ</span> 
     </span>
     <span class='ocr_line' id='line_1_21' title="bbox 151 2360 1298 2447; baseline 0.003 -23"><span class='ocrx_word' id='word_1_178' title='bbox 151 2361 203 2424; x_wconf 84' lang='grc' dir='ltr'>καὶ</span> <span class='ocrx_word' id='word_1_179' title='bbox 216 2360 385 2439; x_wconf 87' lang='grc' dir='ltr'>τριάκοντα</span> <span class='ocrx_word' id='word_1_180' title='bbox 400 2363 436 2426; x_wconf 85' lang='grc' dir='ltr'>ἑν</span> <span class='ocrx_word' id='word_1_181' title='bbox 450 2369 487 2446; x_wconf 82' lang='grc' dir='ltr'>τῇ</span> <span class='ocrx_word' id='word_1_182' title='bbox 502 2362 657 2445; x_wconf 85' lang='grc' dir='ltr'>προεδρίᾳ</span> <span class='ocrx_word' id='word_1_183' title='bbox 672 2364 848 2427; x_wconf 83' lang='grc' dir='ltr'>διετέλεεεν</span> <span class='ocrx_word' id='word_1_184' title='bbox 862 2361 916 2441; x_wconf 79' lang='grc' dir='ltr'>ἔτη</span> <span class='ocrx_word' id='word_1_185' title='bbox 932 2365 1061 2426; x_wconf 84' lang='lat' dir='ltr'>efficitur</span> <span class='ocrx_word' id='word_1_186' title='bbox 1071 2384 1147 2426; x_wconf 89' lang='lat' dir='ltr'>anno</span> <span class='ocrx_word' id='word_1_187' title='bbox 1158 2361 1298 2447; x_wconf 62' lang='lat' dir='ltr'>asapha</span> 
     </span>
     <span class='ocr_line' id='line_1_22' title="bbox 152 2470 1298 2553; baseline 0.004 -23"><span class='ocrx_word' id='word_1_188' title='bbox 152 2472 355 2550; x_wconf 91' lang='lat' dir='ltr'>episcopatum</span> <span class='ocrx_word' id='word_1_189' title='bbox 369 2470 612 2551; x_wconf 88' lang='lat' dir='ltr'>Mopsuestenum</span> <span class='ocrx_word' id='word_1_190' title='bbox 627 2491 695 2533; x_wconf 91' lang='lat' dir='ltr'>eurn</span> <span class='ocrx_word' id='word_1_191' title='bbox 715 2482 885 2534; x_wconf 88' lang='lat' dir='ltr'>assecutum</span> <span class='ocrx_word' id='word_1_192' title='bbox 904 2490 979 2553; x_wconf 90' lang='lat' dir='ltr'>esse,</span> <span class='ocrx_word' id='word_1_193' title='bbox 999 2490 1095 2552; x_wconf 92' lang='lat' dir='ltr'>neque</span> <span class='ocrx_word' id='word_1_194' title='bbox 1110 2492 1180 2534; x_wconf 87' lang='lat' dir='ltr'>vero</span> <span class='ocrx_word' id='word_1_195' title='bbox 1200 2476 1298 2535; x_wconf 88' lang='lat' dir='ltr'>statim</span> 
     </span>
    </p>
   </div>
   <div class='ocr_carea' id='block_1_3' title="bbox 149 2697 1331 4377">
    <p class='ocr_par' dir='ltr' id='par_1_3' title="bbox 149 2697 1299 2857">
     <span class='ocr_line' id='line_1_23' title="bbox 150 2697 1299 2767; baseline 0.002 -16"><span class='ocrx_word' id='word_1_196' title='bbox 150 2698 323 2752; x_wconf 76' lang='lat' dir='ltr'>hroccsoiloc</span> <span class='ocrx_word' id='word_1_197' title='bbox 346 2699 510 2763; x_wconf 81' lang='grc' dir='ltr'>άπήλαυεεν.</span> <span class='ocrx_word' id='word_1_198' title='bbox 544 2697 672 2751; x_wconf 86' lang='grc' dir='ltr'>Ἰωάννου</span> <span class='ocrx_word' id='word_1_199' title='bbox 697 2700 727 2752; x_wconf 80' lang='grc' dir='ltr'>δὲ</span> <span class='ocrx_word' id='word_1_200' title='bbox 749 2703 800 2754; x_wconf 80' lang='grc' dir='ltr'>τοῦ</span> <span class='ocrx_word' id='word_1_201' title='bbox 825 2699 971 2752; x_wconf 84' lang='grc' dir='ltr'>θειοτάτου</span> <span class='ocrx_word' id='word_1_202' title='bbox 994 2700 1141 2767; x_wconf 85' lang='grc' dir='ltr'>γεγένηται</span> <span class='ocrx_word' id='word_1_203' title='bbox 1165 2701 1299 2753; x_wconf 84' lang='grc' dir='ltr'>κοινωνὸε</span> 
     </span>
     <span class='ocr_line' id='line_1_24' title="bbox 149 2788 1298 2857; baseline 0.003 -17"><span class='ocrx_word' id='word_1_204' title='bbox 149 2803 181 2840; x_wconf 88' lang='grc' dir='ltr'>τε</span> <span class='ocrx_word' id='word_1_205' title='bbox 197 2790 240 2840; x_wconf 80' lang='grc' dir='ltr'>καὶ</span> <span class='ocrx_word' id='word_1_206' title='bbox 251 2788 388 2855; x_wconf 80' lang='grc' dir='ltr'>(υνεργόε.</span> <span class='ocrx_word' id='word_1_207' title='bbox 408 2792 485 2856; x_wconf 81' lang='grc' dir='ltr'>κοινῇ</span> <span class='ocrx_word' id='word_1_208' title='bbox 500 2789 554 2854; x_wconf 86' lang='grc' dir='ltr'>γὰρ</span> <span class='ocrx_word' id='word_1_209' title='bbox 568 2792 627 2841; x_wconf 83' lang='grc' dir='ltr'>τῶν</span> <span class='ocrx_word' id='word_1_210' title='bbox 636 2793 830 2854; x_wconf 76' lang='grc' dir='ltr'>πνευματικῶν</span> <span class='ocrx_word' id='word_1_211' title='bbox 841 2789 989 2855; x_wconf 84' lang='grc' dir='ltr'>Διοδώρου</span> <span class='ocrx_word' id='word_1_212' title='bbox 999 2789 1131 2855; x_wconf 87' lang='grc' dir='ltr'>ναμάτων</span> <span class='ocrx_word' id='word_1_213' title='bbox 1146 2789 1298 2857; x_wconf 83' lang='grc' dir='ltr'>ἀπήλαυον.</span> 
     </span>
    </p>

    <p class='ocr_par' dir='ltr' id='par_1_4' title="bbox 149 2870 1299 3196">
     <span class='ocr_line' id='line_1_25' title="bbox 227 2870 1299 2946; baseline 0.004 -18"><span class='ocrx_word' id='word_1_214' title='bbox 227 2877 252 2944; x_wconf 92' lang='grc'>1)</span> <span class='ocrx_word' id='word_1_215' title='bbox 272 2876 370 2945; x_wconf 81' lang='lat' dir='ltr'>Cyrilli</span> <span class='ocrx_word' id='word_1_216' title='bbox 385 2875 463 2929; x_wconf 86' lang='lat' dir='ltr'>Alex.</span> <span class='ocrx_word' id='word_1_217' title='bbox 479 2892 501 2929; x_wconf 93' lang='lat' dir='ltr'>c.</span> <span class='ocrx_word' id='word_1_218' title='bbox 517 2875 566 2929; x_wconf 81' lang='lat' dir='ltr'>Iul</span> <span class='ocrx_word' id='word_1_219' title='bbox 583 2875 648 2930; x_wconf 83' lang='lat' dir='ltr'><strong>VIII</strong></span> <span class='ocrx_word' id='word_1_220' title='bbox 667 2894 731 2946; x_wconf 85' lang='lat' dir='ltr'>pag.</span> <span class='ocrx_word' id='word_1_221' title='bbox 746 2882 806 2931; x_wconf 78' lang='lat'><strong>262.</strong></span> <span class='ocrx_word' id='word_1_222' title='bbox 840 2877 900 2942; x_wconf 81' lang='lat' dir='ltr'>Quo</span> <span class='ocrx_word' id='word_1_223' title='bbox 918 2877 980 2932; x_wconf 91' lang='lat' dir='ltr'>loco</span> <span class='ocrx_word' id='word_1_224' title='bbox 996 2870 1163 2946; x_wconf 71' lang='lat' dir='ltr'>quamquam</span> <span class='ocrx_word' id='word_1_225' title='bbox 1177 2878 1299 2933; x_wconf 88' lang='lat' dir='ltr'>Iulianus</span> 
     </span>
     <span class='ocr_line' id='line_1_26' title="bbox 151 2964 1298 3035; baseline 0.005 -18"><span class='ocrx_word' id='word_1_226' title='bbox 151 2982 186 3018; x_wconf 91' lang='lat' dir='ltr'>ne</span> <span class='ocrx_word' id='word_1_227' title='bbox 205 2964 356 3018; x_wconf 80' lang='lat' dir='ltr'>Photinum</span> <span class='ocrx_word' id='word_1_228' title='bbox 374 2964 489 3033; x_wconf 86' lang='lat' dir='ltr'>quidem</span> <span class='ocrx_word' id='word_1_229' title='bbox 512 2965 641 3019; x_wconf 86' lang='lat' dir='ltr'>laudibus</span> <span class='ocrx_word' id='word_1_230' title='bbox 661 2965 752 3035; x_wconf 80' lang='lat' dir='ltr'>effert,</span> <span class='ocrx_word' id='word_1_231' title='bbox 778 2967 866 3021; x_wconf 81' lang='lat' dir='ltr'>allata</span> <span class='ocrx_word' id='word_1_232' title='bbox 883 2969 979 3021; x_wconf 81' lang='lat' dir='ltr'>tamen</span> <span class='ocrx_word' id='word_1_233' title='bbox 998 2968 1056 3022; x_wconf 89' lang='lat' dir='ltr'>eius</span> <span class='ocrx_word' id='word_1_234' title='bbox 1076 2969 1215 3023; x_wconf 77' lang='lat' dir='ltr'>sententia</span> <span class='ocrx_word' id='word_1_235' title='bbox 1234 2968 1298 3024; x_wconf 91' lang='lat' dir='ltr'>Dio-</span> 
     </span>
     <span class='ocr_line' id='line_1_27' title="bbox 151 3053 1297 3123; baseline 0.005 -18"><span class='ocrx_word' id='word_1_236' title='bbox 151 3053 218 3106; x_wconf 87' lang='lat' dir='ltr'>doro</span> <span class='ocrx_word' id='word_1_237' title='bbox 237 3053 353 3108; x_wconf 89' lang='lat' dir='ltr'>minime</span> <span class='ocrx_word' id='word_1_238' title='bbox 375 3053 495 3123; x_wconf 80' lang='lat' dir='ltr'>probata</span> <span class='ocrx_word' id='word_1_239' title='bbox 518 3053 626 3108; x_wconf 81' lang='lat' dir='ltr'>occasio</span> <span class='ocrx_word' id='word_1_240' title='bbox 651 3054 718 3109; x_wconf 81' lang='lat' dir='ltr'>data</span> <span class='ocrx_word' id='word_1_241' title='bbox 741 3058 803 3111; x_wconf 82' lang='lat' dir='ltr'>crab</span> <span class='ocrx_word' id='word_1_242' title='bbox 821 3055 968 3112; x_wconf 87' lang='lat' dir='ltr'>Theodoro</span> <span class='ocrx_word' id='word_1_243' title='bbox 992 3056 1023 3110; x_wconf 89' lang='lat' dir='ltr'>in</span> <span class='ocrx_word' id='word_1_244' title='bbox 1046 3058 1234 3113; x_wconf 84' lang='lat' dir='ltr'>adversarium</span> <span class='ocrx_word' id='word_1_245' title='bbox 1256 3058 1297 3111; x_wconf 88' lang='lat' dir='ltr'>in-</span> 
     </span>
     <span class='ocr_line' id='line_1_28' title="bbox 149 3141 279 3196; baseline -0.008 0"><span class='ocrx_word' id='word_1_246' title='bbox 149 3141 279 3196; x_wconf 80' lang='lat' dir='ltr'>vehendi.</span> 
     </span>
    </p>

    <p class='ocr_par' dir='ltr' id='par_1_5' title="bbox 150 3222 1297 3834">
     <span class='ocr_line' id='line_1_29' title="bbox 223 3222 1297 3307; baseline 0.005 -23"><span class='ocrx_word' id='word_1_247' title='bbox 223 3232 249 3300; x_wconf 78' lang='grc'>2)</span> <span class='ocrx_word' id='word_1_248' title='bbox 268 3231 380 3286; x_wconf 90' lang='lat' dir='ltr'>Ioannis</span> <span class='ocrx_word' id='word_1_249' title='bbox 399 3233 524 3303; x_wconf 83' lang='lat' dir='ltr'>episcopi</span> <span class='ocrx_word' id='word_1_250' title='bbox 542 3233 628 3288; x_wconf 86' lang='lat' dir='ltr'>verba</span> <span class='ocrx_word' id='word_1_251' title='bbox 642 3250 686 3303; x_wconf 86' lang='lat' dir='ltr'>ap.</span> <span class='ocrx_word' id='word_1_252' title='bbox 700 3233 820 3288; x_wconf 84' lang='lat' dir='ltr'>Facund.</span> <span class='ocrx_word' id='word_1_253' title='bbox 837 3252 887 3303; x_wconf 88' lang='lat' dir='ltr'>pro</span> <span class='ocrx_word' id='word_1_254' title='bbox 906 3235 1067 3290; x_wconf 84' lang='lat' dir='ltr'>defensione</span> <span class='ocrx_word' id='word_1_255' title='bbox 1085 3235 1171 3290; x_wconf 79' lang='lat' dir='ltr'>trium</span> <span class='ocrx_word' id='word_1_256' title='bbox 1190 3222 1297 3307; x_wconf 80' lang='lat' dir='ltr'>capitu-</span> 
     </span>
     <span class='ocr_line' id='line_1_30' title="bbox 150 3320 1297 3395; baseline 0.007 -22"><span class='ocrx_word' id='word_1_257' title='bbox 150 3320 240 3374; x_wconf 89' lang='lat' dir='ltr'>lorum</span> <span class='ocrx_word' id='word_1_258' title='bbox 264 3321 312 3375; x_wconf 91' lang='lat' dir='ltr'>lib.</span> <span class='ocrx_word' id='word_1_259' title='bbox 332 3320 366 3374; x_wconf 91' lang='lat' dir='ltr'>H.</span> <span class='ocrx_word' id='word_1_260' title='bbox 390 3321 543 3389; x_wconf 84' lang='lat' dir='ltr'>(Gallandii</span> <span class='ocrx_word' id='word_1_261' title='bbox 566 3323 633 3378; x_wconf 92' lang='lat' dir='ltr'>bibl.</span> <span class='ocrx_word' id='word_1_262' title='bbox 663 3325 734 3391; x_wconf 82' lang='lat' dir='ltr'>patr.</span> <span class='ocrx_word' id='word_1_263' title='bbox 753 3321 792 3375; x_wconf 91' lang='lat' dir='ltr'>XI</span> <span class='ocrx_word' id='word_1_264' title='bbox 816 3341 840 3392; x_wconf 93' lang='lat' dir='ltr'>p.</span> <span class='ocrx_word' id='word_1_265' title='bbox 861 3323 978 3394; x_wconf 72' lang='lat' dir='ltr'>680bB):</span> <span class='ocrx_word' id='word_1_266' title='bbox 1010 3324 1074 3380; x_wconf 84' lang='lat' dir='ltr'>‘sed</span> <span class='ocrx_word' id='word_1_267' title='bbox 1098 3328 1128 3380; x_wconf 80' lang='lat' dir='ltr'>eh</span> <span class='ocrx_word' id='word_1_268' title='bbox 1155 3325 1204 3395; x_wconf 88' lang='lat' dir='ltr'>qui</span> <span class='ocrx_word' id='word_1_269' title='bbox 1226 3326 1297 3381; x_wconf 89' lang='lat' dir='ltr'>bene</span> 
     </span>
     <span class='ocr_line' id='line_1_31' title="bbox 151 3408 1297 3484; baseline 0.007 -23"><span class='ocrx_word' id='word_1_270' title='bbox 151 3408 185 3461; x_wconf 89' lang='lat' dir='ltr'>de</span> <span class='ocrx_word' id='word_1_271' title='bbox 218 3409 277 3463; x_wconf 82' lang='lat' dir='ltr'>vita</span> <span class='ocrx_word' id='word_1_272' title='bbox 304 3410 445 3479; x_wconf 81' lang='lat' dir='ltr'>profectus</span> <span class='ocrx_word' id='word_1_273' title='bbox 477 3411 521 3465; x_wconf 82' lang='lat' dir='ltr'>est</span> <span class='ocrx_word' id='word_1_274' title='bbox 547 3409 708 3465; x_wconf 83' lang='lat' dir='ltr'>Theodorus</span> <span class='ocrx_word' id='word_1_275' title='bbox 737 3413 766 3465; x_wconf 85' lang='lat' dir='ltr'>et</span> <span class='ocrx_word' id='word_1_276' title='bbox 797 3412 920 3482; x_wconf 87' lang='lat' dir='ltr'>quinque</span> <span class='ocrx_word' id='word_1_277' title='bbox 948 3416 977 3468; x_wconf 85' lang='lat' dir='ltr'>et</span> <span class='ocrx_word' id='word_1_278' title='bbox 1003 3415 1190 3484; x_wconf 83' lang='lat' dir='ltr'>quadraginta</span> <span class='ocrx_word' id='word_1_279' title='bbox 1214 3415 1297 3469; x_wconf 78' lang='lat' dir='ltr'>annis</span> 
     </span>
     <span class='ocr_line' id='line_1_32' title="bbox 152 3496 1296 3574; baseline 0.007 -24"><span class='ocrx_word' id='word_1_280' title='bbox 152 3497 225 3551; x_wconf 87' lang='lat' dir='ltr'>clare</span> <span class='ocrx_word' id='word_1_281' title='bbox 258 3496 288 3550; x_wconf 87' lang='lat' dir='ltr'>in</span> <span class='ocrx_word' id='word_1_282' title='bbox 320 3498 447 3553; x_wconf 76' lang='lat' dir='ltr'>doctrina</span> <span class='ocrx_word' id='word_1_283' title='bbox 483 3499 660 3569; x_wconf 76' lang='lat' dir='ltr'>praefulsib&#39;3</span> <span class='ocrx_word' id='word_1_284' title='bbox 689 3520 716 3571; x_wconf 90' lang='lat' dir='ltr'>p.</span> <span class='ocrx_word' id='word_1_285' title='bbox 737 3499 842 3556; x_wconf 73' lang='grc' dir='ltr'>68οὓοι</span> <span class='ocrx_word' id='word_1_286' title='bbox 884 3502 1061 3559; x_wconf 83' lang='lat' dir='ltr'>‘Theodorus</span> <span class='ocrx_word' id='word_1_287' title='bbox 1094 3505 1181 3573; x_wconf 89' lang='lat' dir='ltr'>enim,</span> <span class='ocrx_word' id='word_1_288' title='bbox 1214 3521 1296 3574; x_wconf 89' lang='lat' dir='ltr'>quem</span> 
     </span>
     <span class='ocr_line' id='line_1_33' title="bbox 151 3587 1294 3662; baseline 0.009 -24"><span class='ocrx_word' id='word_1_289' title='bbox 151 3587 262 3654; x_wconf 86' lang='lat' dir='ltr'>quando</span> <span class='ocrx_word' id='word_1_290' title='bbox 281 3587 413 3656; x_wconf 84' lang='lat' dir='ltr'>dicimus,</span> <span class='ocrx_word' id='word_1_291' title='bbox 431 3589 522 3643; x_wconf 85' lang='lat' dir='ltr'>virum</span> <span class='ocrx_word' id='word_1_292' title='bbox 541 3588 658 3644; x_wconf 90' lang='lat' dir='ltr'>dicimus</span> <span class='ocrx_word' id='word_1_293' title='bbox 681 3590 711 3643; x_wconf 90' lang='lat' dir='ltr'>in</span> <span class='ocrx_word' id='word_1_294' title='bbox 733 3590 898 3662; x_wconf 80' lang='lat' dir='ltr'>episcopatu</span> <span class='ocrx_word' id='word_1_295' title='bbox 917 3593 1023 3648; x_wconf 90' lang='lat' dir='ltr'>clarum</span> <span class='ocrx_word' id='word_1_296' title='bbox 1043 3594 1127 3648; x_wconf 87' lang='lat' dir='ltr'>finem</span> <span class='ocrx_word' id='word_1_297' title='bbox 1145 3595 1294 3649; x_wconf 74' lang='lat' dir='ltr'>habentem</span> 
     </span>
     <span class='ocr_line' id='line_1_34' title="bbox 150 3676 1296 3753; baseline 0.008 -24"><span class='ocrx_word' id='word_1_298' title='bbox 150 3677 180 3730; x_wconf 80' lang='lat' dir='ltr'>eh</span> <span class='ocrx_word' id='word_1_299' title='bbox 208 3676 412 3746; x_wconf 76' lang='lat' dir='ltr'>quinquaginta</span> <span class='ocrx_word' id='word_1_300' title='bbox 442 3681 530 3747; x_wconf 82' lang='lat' dir='ltr'>paene</span> <span class='ocrx_word' id='word_1_301' title='bbox 561 3679 640 3733; x_wconf 87' lang='lat' dir='ltr'>annis</span> <span class='ocrx_word' id='word_1_302' title='bbox 671 3677 782 3735; x_wconf 76' lang='lat' dir='ltr'>fortiter</span> <span class='ocrx_word' id='word_1_303' title='bbox 809 3686 1011 3753; x_wconf 78' lang='lat' dir='ltr'>repugnantem</span> <span class='ocrx_word' id='word_1_304' title='bbox 1039 3684 1145 3738; x_wconf 76' lang='lat' dir='ltr'>cunetis</span> <span class='ocrx_word' id='word_1_305' title='bbox 1176 3684 1296 3738; x_wconf 88' lang='lat' dir='ltr'>haeresi-</span> 
     </span>
     <span class='ocr_line' id='line_1_35' title="bbox 151 3764 296 3834; baseline 0.014 -16"><span class='ocrx_word' id='word_1_306' title='bbox 151 3764 215 3819; x_wconf 90' lang='lat' dir='ltr'>bus’</span> <span class='ocrx_word' id='word_1_307' title='bbox 237 3783 296 3834; x_wconf 90' lang='lat' dir='ltr'>sqq.</span> 
     </span>
    </p>

    <p class='ocr_par' dir='ltr' id='par_1_6' title="bbox 149 3854 1331 4377">
     <span class='ocr_line' id='line_1_36' title="bbox 223 3854 1295 3933; baseline 0.01 -26"><span class='ocrx_word' id='word_1_308' title='bbox 223 3858 249 3922; x_wconf 84' lang='lat'>3)</span> <span class='ocrx_word' id='word_1_309' title='bbox 270 3854 392 3909; x_wconf 82' lang='lat' dir='ltr'>Socratis</span> <span class='ocrx_word' id='word_1_310' title='bbox 410 3856 437 3910; x_wconf 91' lang='lat' dir='ltr'>h.</span> <span class='ocrx_word' id='word_1_311' title='bbox 458 3874 481 3911; x_wconf 90' lang='lat' dir='ltr'>e.</span> <span class='ocrx_word' id='word_1_312' title='bbox 501 3856 541 3910; x_wconf 83' lang='lat' dir='ltr'>VI</span> <span class='ocrx_word' id='word_1_313' title='bbox 559 3864 584 3911; x_wconf 85' lang='lat'>3.</span> <span class='ocrx_word' id='word_1_314' title='bbox 620 3858 715 3912; x_wconf 78' lang='lat' dir='ltr'>l&#39;leleet</span> <span class='ocrx_word' id='word_1_315' title='bbox 739 3861 770 3914; x_wconf 84' lang='grc' dir='ltr'>δὲ</span> <span class='ocrx_word' id='word_1_316' title='bbox 788 3861 834 3929; x_wconf 88' lang='lat' dir='ltr'>(sc.</span> <span class='ocrx_word' id='word_1_317' title='bbox 856 3861 992 3932; x_wconf 70' lang='grc' dir='ltr'>Ἰωάννης)</span> <span class='ocrx_word' id='word_1_318' title='bbox 1016 3865 1061 3917; x_wconf 75' lang='grc' dir='ltr'>καὶ</span> <span class='ocrx_word' id='word_1_319' title='bbox 1080 3865 1228 3933; x_wconf 84' lang='grc' dir='ltr'>Θεόδωρον</span> <span class='ocrx_word' id='word_1_320' title='bbox 1252 3867 1295 3919; x_wconf 90' lang='grc' dir='ltr'>καί</span> 
     </span>
     <span class='ocr_line' id='line_1_37' title="bbox 151 3943 1295 4023; baseline 0.012 -28"><span class='ocrx_word' id='word_1_321' title='bbox 151 3943 285 4012; x_wconf 75' lang='grc' dir='ltr'>Μάξιμον,</span> <span class='ocrx_word' id='word_1_322' title='bbox 305 3946 493 4012; x_wconf 83' lang='grc' dir='ltr'>ευμφοιτητὰε</span> <span class='ocrx_word' id='word_1_323' title='bbox 512 3948 589 4016; x_wconf 82' lang='grc' dir='ltr'>αὐτῷ</span> <span class='ocrx_word' id='word_1_324' title='bbox 608 3949 692 4001; x_wconf 78' lang='grc' dir='ltr'>ὄντα(</span> <span class='ocrx_word' id='word_1_325' title='bbox 709 3951 784 4016; x_wconf 85' lang='grc' dir='ltr'>παρὰ</span> <span class='ocrx_word' id='word_1_326' title='bbox 801 3956 843 4019; x_wconf 81' lang='grc' dir='ltr'>τῷ</span> <span class='ocrx_word' id='word_1_327' title='bbox 863 3957 976 4020; x_wconf 74' lang='lat' dir='ltr'>coprem]</span> <span class='ocrx_word' id='word_1_328' title='bbox 991 3953 1117 4023; x_wconf 71' lang='lat' dir='ltr'>heliacim,</span> <span class='ocrx_word' id='word_1_329' title='bbox 1138 3958 1295 4009; x_wconf 84' lang='grc' dir='ltr'>καταλιπεῖν</span> 
     </span>
     <span class='ocr_line' id='line_1_38' title="bbox 151 4033 1294 4112; baseline 0.013 -28"><span class='ocrx_word' id='word_1_330' title='bbox 151 4033 200 4096; x_wconf 83' lang='grc' dir='ltr'>μὲν</span> <span class='ocrx_word' id='word_1_331' title='bbox 218 4034 268 4086; x_wconf 89' lang='grc' dir='ltr'>τὸν</span> <span class='ocrx_word' id='word_1_332' title='bbox 292 4036 501 4100; x_wconf 64' lang='grc' dir='ltr'>χρηματιετικὸν</span> <span class='ocrx_word' id='word_1_333' title='bbox 525 4036 597 4104; x_wconf 80' lang='grc' dir='ltr'>βίον,</span> <span class='ocrx_word' id='word_1_334' title='bbox 623 4037 744 4103; x_wconf 87' lang='grc' dir='ltr'>μετιέναι</span> <span class='ocrx_word' id='word_1_335' title='bbox 767 4039 797 4092; x_wconf 86' lang='grc' dir='ltr'>δὲ</span> <span class='ocrx_word' id='word_1_336' title='bbox 819 4040 870 4092; x_wconf 86' lang='grc' dir='ltr'>τὸν</span> <span class='ocrx_word' id='word_1_337' title='bbox 893 4041 977 4094; x_wconf 87' lang='grc' dir='ltr'>λιτόν.</span> <span class='ocrx_word' id='word_1_338' title='bbox 1010 4043 1063 4095; x_wconf 89' lang='grc' dir='ltr'>Ὣν</span> <span class='ocrx_word' id='word_1_339' title='bbox 1082 4044 1228 4112; x_wconf 86' lang='grc' dir='ltr'>Θεόδωροε</span> <span class='ocrx_word' id='word_1_340' title='bbox 1245 4047 1294 4111; x_wconf 85' lang='grc' dir='ltr'>μὲν</span> 
     </span>
     <span class='ocr_line' id='line_1_39' title="bbox 149 4121 1331 4203; baseline 0.012 -29"><span class='ocrx_word' id='word_1_341' title='bbox 149 4121 263 4189; x_wconf 81' lang='grc' dir='ltr'>ὕετερον</span> <span class='ocrx_word' id='word_1_342' title='bbox 282 4123 476 4189; x_wconf 83' lang='grc' dir='ltr'>Μοψουεετίαε</span> <span class='ocrx_word' id='word_1_343' title='bbox 497 4129 548 4193; x_wconf 79' lang='grc' dir='ltr'>τῆ(</span> <span class='ocrx_word' id='word_1_344' title='bbox 573 4127 602 4180; x_wconf 85' lang='grc' dir='ltr'>ἐν</span> <span class='ocrx_word' id='word_1_345' title='bbox 623 4125 724 4197; x_wconf 75' lang='grc' dir='ltr'>Κιλικίᾳ</span> <span class='ocrx_word' id='word_1_346' title='bbox 746 4129 853 4182; x_wconf 70' lang='grc' dir='ltr'>πόλεως</span> <span class='ocrx_word' id='word_1_347' title='bbox 876 4129 1020 4185; x_wconf 81' lang='grc' dir='ltr'>ἐπίεκοποε</span> <span class='ocrx_word' id='word_1_348' title='bbox 1038 4133 1149 4202; x_wconf 89' lang='grc' dir='ltr'>γέγονε,</span> <span class='ocrx_word' id='word_1_349' title='bbox 1173 4135 1295 4201; x_wconf 81' lang='grc' dir='ltr'>Μάξιμοε</span> <span class='ocrx_word' id='word_1_350' title='bbox 1320 4186 1331 4203; x_wconf 74' lang='grc'>,</span> 
     </span>
     <span class='ocr_line' id='line_1_40' title="bbox 151 4211 1294 4288; baseline 0.011 -25"><span class='ocrx_word' id='word_1_351' title='bbox 151 4211 180 4263; x_wconf 86' lang='grc' dir='ltr'>δέ</span> <span class='ocrx_word' id='word_1_352' title='bbox 200 4211 357 4267; x_wconf 77' lang='grc' dir='ltr'>(ελευκείαι</span> <span class='ocrx_word' id='word_1_353' title='bbox 375 4216 426 4280; x_wconf 82' lang='grc' dir='ltr'>τῆε</span> <span class='ocrx_word' id='word_1_354' title='bbox 450 4214 480 4278; x_wconf 70' lang='grc' dir='ltr'>,ἐν</span> <span class='ocrx_word' id='word_1_355' title='bbox 500 4215 621 4286; x_wconf 79' lang='grc' dir='ltr'>Ἰεαυρίᾳ.</span> <span class='ocrx_word' id='word_1_356' title='bbox 657 4218 814 4285; x_wconf 85' lang='grc' dir='ltr'>Τηνικαῦτα</span> <span class='ocrx_word' id='word_1_357' title='bbox 832 4218 883 4272; x_wconf 83' lang='grc' dir='ltr'>οὖν</span> <span class='ocrx_word' id='word_1_358' title='bbox 901 4219 980 4273; x_wconf 84' lang='grc' dir='ltr'>οὗτοι</span> <span class='ocrx_word' id='word_1_359' title='bbox 998 4223 1140 4275; x_wconf 82' lang='grc' dir='ltr'>επουδαῖοι</span> <span class='ocrx_word' id='word_1_360' title='bbox 1162 4226 1224 4288; x_wconf 84' lang='grc' dir='ltr'>περὶ</span> <span class='ocrx_word' id='word_1_361' title='bbox 1241 4225 1294 4288; x_wconf 75' lang='grc' dir='ltr'>τὴν</span> 
     </span>
     <span class='ocr_line' id='line_1_41' title="bbox 149 4299 1325 4377; baseline 0.005 -26"><span class='ocrx_word' id='word_1_362' title='bbox 149 4299 251 4366; x_wconf 78' lang='grc' dir='ltr'>ἀρετὴν</span> <span class='ocrx_word' id='word_1_363' title='bbox 261 4303 412 4370; x_wconf 88' lang='grc' dir='ltr'>γενόμενοι,</span> <span class='ocrx_word' id='word_1_364' title='bbox 428 4308 628 4373; x_wconf 85' lang='grc' dir='ltr'>μαθητεύουαν</span> <span class='ocrx_word' id='word_1_365' title='bbox 642 4305 682 4362; x_wconf 74' lang='grc' dir='ltr'>εἰ(</span> <span class='ocrx_word' id='word_1_366' title='bbox 693 4308 731 4362; x_wconf 82' lang='grc' dir='ltr'>τά</span> <span class='ocrx_word' id='word_1_367' title='bbox 745 4308 882 4376; x_wconf 64' lang='grc' dir='ltr'>άεκιιτικα</span> <span class='ocrx_word' id='word_1_368' title='bbox 893 4309 1036 4377; x_wconf 64' lang='lat' dir='ltr'>hiuhmpup</span> <span class='ocrx_word' id='word_1_369' title='bbox 1043 4308 1252 4372; x_wconf 54' lang='lat' dir='ltr'>aususausus,</span> <span class='ocrx_word' id='word_1_370' title='bbox 1257 4308 1325 4352; x_wconf 55' lang='grc' dir='ltr'>πὲ-</span> 
     </span>
    </p>
   </div>
   <div class='ocr_carea' id='block_1_4' title="bbox 0 0 1460 4688">
    <p class='ocr_par' dir='ltr' id='par_1_7' title="bbox 0 0 1460 4688">
     <span class='ocr_line' id='line_1_42' title="bbox 0 0 1460 4688; baseline 0 1"><span class='ocrx_word' id='word_1_371' title='bbox 0 0 1460 4688; x_wconf 95' lang='lat' dir='ltr'> </span> 
     </span>
    </p>
   </div>
  </div>
 </body>
</html>
