2910 4688
527 240 568 294 De
587 238 689 294 Iuliani
708 239 842 294 librorum
861 239 935 294 fatis.
1259 239 1300 302 21

154 407 227 485 περὶ
255 409 332 470 θεοῦ
360 407 546 484 ποιήςαςθαι
574 402 704 482 λόγους,
738 403 811 468 οὔτε
840 403 975 483 ἔχοντας
1003 403 1107 482 ὀρθῶς
1135 404 1209 468 οὔτε
1240 406 1301 484 μὴν

154 512 412 597 ἐοικότως·αὐτῷ
436 509 491 597 (sc.
512 509 591 599 θεῷ)
615 511 800 591 γεγονότας.
838 514 917 576 ποτὲ
941 511 976 575 δὲ
999 511 1058 576 τὸν
1078 510 1212 590 ”scopae
1236 510 1301 575 ἀπὸ

152 621 283 700 γμώμης
316 619 395 685 ἰδίας
428 623 696 698 προςεπενεγκεῑν
728 640 800 683 τινα
832 617 1028 710 occuluerat.
1074 621 1178 681 Differt
1209 623 1301 700 igitur

152 729 283 791 Iulianus
306 749 340 790 co
364 749 379 790 a
399 729 589 811 philosopho,
613 731 689 809 quod
710 748 778 790 cum
797 729 846 789 ille
866 731 1024 808 quicquam
1043 729 1133 789 ltIosis
1152 735 1300 789 servatum

152 856 219 902 esse
243 845 339 918 neget,
362 839 460 896 omnia
483 835 519 896 ab
538 834 632 896 Esdra
651 855 717 897 esse
739 839 889 916 supposita
910 836 1082 918 contendat,
1101 838 1164 915 ipse
1184 843 1300 896 exstare

153 945 273 1024 quidem
297 951 399 1005 censet
423 943 511 1003 Mosis
535 942 640 1017 libros,
668 943 720 1003 sed
744 943 780 1003 ab
803 943 897 1003 Esdra
922 962 986 1004 osse
1011 943 1154 1022 quaedam
1178 943 1299 1004 adiecta.

152 1052 213 1111 Iarn
237 1070 317 1112 nuno
335 1050 458 1111 dubium
483 1069 542 1110 non
566 1058 624 1131 est,
649 1052 720 1129 quin
740 1050 815 1110 alius
834 1053 872 1110 sit
895 1050 1088 1130 philosophus
1106 1050 1299 1133 Macarianus,

152 1159 228 1220 alius
250 1159 574 1237 lulianus'imperator.
608 1158 666 1218 Sed
690 1160 858 1218 meminerit
882 1158 957 1218 lorte
982 1160 1127 1238 quispiam
1152 1166 1297 1219 trecento·

152 1285 220 1326 rum
242 1264 360 1325 illorum
379 1284 538 1345 annorum,
564 1283 638 1344 quos
662 1274 729 1345 post
742 1264 858 1325 Christi
883 1273 1007 1325 mortem
1030 1267 1183 1326 transiisse
1207 1265 1299 1344 pbilo-

152 1373 263 1453 sopbus
291 1373 371 1433 dicit.
409 1372 466 1433 Sed
499 1391 566 1432 eum
599 1390 761 1432 memorem
790 1391 855 1432 esse
888 1371 975 1432 iubeo
1004 1371 1151 1451 dialogum
1179 1373 1298 1433 finxisse

150 1481 319 1541 Macarium.
351 1478 454 1560 Itaque
475 1498 561 1560 quam
586 1482 616 1539 in
639 1479 715 1539 libro
735 1498 823 1559 quem
843 1481 1001 1558 exscripsit
1023 1481 1135 1539 invenit
1158 1482 1301 1558 temporis

151 1588 374 1668 discriptionem
397 1623 441 1631 -
469 1607 557 1667 quam
586 1606 645 1647 non
673 1587 817 1648 adiectam
846 1605 911 1648 esse
941 1586 976 1646 ab
1010 1605 1059 1668 eo,
1092 1586 1144 1646 sed
1172 1585 1207 1646 ab
1235 1589 1300 1667 lpso

150 1714 263 1774 pagano
286 1697 411 1774 positam
432 1697 645 1756 sententiarum
666 1695 738 1755 ordo
762 1695 907 1755 docet-
931 1701 1072 1754 mutatam
1096 1713 1166 1755 suae
1188 1714 1300 1755 accom-

151 1801 278 1862 modavit
301 1796 430 1884 aetati.¹)
466 1802 569 1880 Neque
593 1820 663 1862 vero
688 1805 846 1882 quitquam
866 1820 933 1862 curn
958 1810 1087 1863 mutasse
1112 1820 1219 1862 censeo
1244 1805 1301 1862 nisi

151 1909 230 1988 quod
263 1917 413 1970 trecentos
442 1911 544 1988 posuit
573 1928 680 1990 annoS,
711 1909 763 1969 ubi
793 1910 914 1970 ducenti
943 1912 974 1969 in
1005 1909 1107 1970 codice
1138 1908 1300 1970 exstabant,
1350 1954 1353 1961 ,

151 2016 236 2089 Quod
261 2019 426 2089 simccum
459 2019 564 2078 statuis
593 2019 622 2076 in
646 2016 842 2101 Porphyrium
867 2017 991 2096 quadrat
1020 2025 1188 2095 temporum
1216 2018 1301 2101 ratio,
1347 2006 1351 2053 ἶ

152 2143 239 2203 quem
260 2124 420 2184 refutatum
445 2143 510 2184 esse
533 2143 547 2184 a
567 2123 693 2184 Macaria
714 2123 954 2203 Wagenmannus
977 2125 1034 2183 iam
1055 2125 1191 2203 coniecit,
1214 2126 1300 2185 cuius

150 2233 187 2293 de
210 2229 373 2310 Porphyrio
398 2242 427 2290 et
450 2232 622 2310 fragmentis
652 2233 788 2311 anonymi
815 2231 988 2291 Macarianis
1017 2238 1112 2292 exstat
1139 2231 1299 2311 disputatio

148 2325 180 2399 in
204 2337 359 2399 annalibus
377 2340 429 2418 iis,
453 2340 504 2416 qui
527 2337 733 2399 inscribuntur
755 2338 942 2398 Jahrbiicbcr
965 2339 1014 2398 liar
1037 2339 1180 2399 deutsche
1204 2339 1298 2399 Theo-

149 2446 234 2525 logie.
258 2444 312 2505 vol.
333 2442 434 2504 XXIII.
459 2441 543 2505 1878
570 2445 638 2504 fasc.
659 2442 688 2505 2.
716 2464 743 2523 p.
759 2442 823 2505 269
835 2464 897 2524 sqq.
945 2445 1059 2516 Quibus
1088 2445 1124 2505 de
1153 2446 1298 2524 fragmen-

149 2555 188 2614 tis
212 2570 278 2612 cum
308 2553 476 2611 accuratius
504 2551 575 2611 mibi
605 2553 749 2630 agendum
783 2555 821 2612 sit
849 2555 879 2612 in
908 2554 1086 2632 scrIptorum
1116 2551 1298 2615 Graecorum

149 2661 201 2739 qui
228 2658 424 2720 GbrIstianam
452 2661 700 2738 Impugnaverunt
730 2659 903 2737 religionem
933 2659 1073 2719 fasciculo
1104 2659 1210 2741 altero,
1238 2679 1297 2740 quo

149 2768 312 2845 fragmenta
334 2765 491 2845 Porphyrii
516 2773 546 2825 et
568 2765 714 2826 Hieroclis
738 2765 860 2826 collecta
884 2774 1098 2848 proponentur,
1122 2785 1202 2827 nunc
1226 2770 1296 2828 satis

149 2873 243 2933 babeo
267 2873 325 2933 duo
349 2879 522 2951 argumenta
546 2873 688 2953 attulisse,
713 2873 822 2952 quibos
846 2875 1021 2934 confirmare
1046 2892 1092 2933 me
1116 2893 1204 2954 posse
1223 2883 1295 2954 puto

148 2980 304 3061 Porphyrii
329 2997 463 3058 magnam
486 2987 600 3058 partem
624 2998 639 3038 a
663 2979 789 3040 Macaria
813 2980 899 3041 nobis
924 2999 988 3040 esse
1013 2989 1166 3042 servatam.
1203 2982 1237 3042 In
1261 3002 1296 3044 eo

149 3089 237 3168 enim,
261 3087 297 3147 de
317 3105 376 3165 quo
396 3087 483 3146 modo
504 3088 550 3164 ogi
569 3086 733 3164 fragmento
756 3106 785 3165 p.
805 3083 857 3168 54,
877 3082 897 3148 5
921 3087 999 3147 mille
1024 3096 1144 3148 centum
1168 3097 1198 3149 et
1216 3097 1297 3150 octo·

148 3197 228 3274 ginta
252 3196 336 3254 annIs
358 3201 427 3272 post
454 3193 543 3253 Mosis
568 3200 693 3253 mortem
723 3212 774 3253 sua
798 3193 908 3253 Esdras
937 3193 1047 3254 dicitur
1075 3198 1296 3275 conscrIpsisse.

148 3300 205 3361 Ubi
228 3302 348 3360 minIme
372 3303 515 3360 intererat
543 3302 619 3359 scIre
644 3309 786 3378 quantum
816 3301 921 3360 fuisset
944 3308 1061 3379 tempus
1085 3303 1163 3361 inter
1186 3302 1297 3363 Mosam

148 3417 180 3470 et
193 3408 326 3489 Esdram,
345 3407 455 3468 nedum
472 3425 547 3486 opus
562 3408 669 3467 suisset
687 3415 745 3467 tam
762 3416 898 3468 accurata
914 3415 1080 3487 temporum
1096 3409 1296 3489 discriptione.

148 3515 225 3586 Quid
249 3513 551 3593 igitur-verisimilius
581 3532 668 3592 quam
693 3513 727 3573 ab
753 3532 787 3573 eo
816 3514 895 3574 bunc
923 3514 1020 3575 Iocum
1050 3534 1114 3576 esse
1144 3517 1297 3598 scriptum,

148 3625 198 3700 qui
221 3629 389 3700 temporum
413 3620 576 3681 rationibus
606 3620 782 3680 definiendis
805 3623 959 3680 maximam
985 3641 1105 3701 operam
1133 3633 1297 3706 novaverat,

148 3731 199 3809 qui
226 3732 289 3807 ipse
314 3745 431 3806 quoquc
461 3745 536 3805 opus
560 3726 801 3806 chronologicum
825 3730 1057 3809 conscripserat,
1085 3729 1112 3790 b.
1137 3750 1161 3790 e.
1185 3750 1201 3790 a
1224 3731 1296 3791 Por·

146 3831 273 3915 phyrio‘?
314 3834 410 3905 Quem
435 3841 532 3894 autern
560 3837 675 3913 potiore
700 3837 813 3894 ratione
843 3843 1006 3895 statuemus
1035 3855 1061 3914 p.
1082 3833 1125 3896 94
1140 3856 1181 3916 sq.
1210 3838 1296 3898 vebe·

147 3944 329 4002 mentissime
348 3943 497 4002 iuvectum
518 3961 582 4003 esse
607 3944 637 4002 in
658 3950 874 4002 sacramentum
894 3945 1028 4021 corporis
1048 3944 1196 4025 dominIci,
1216 3945 1294 4023 quod

146 4052 272 4109 immane
302 4056 381 4108 esset
408 4048 536 4110 bominis
564 4069 652 4110 carne
680 4049 830 4109 bominem
854 4051 946 4130 vesci,
977 4068 1064 4128 quam
1088 4069 1156 4111 eum
1181 4055 1232 4130 qui
1259 4052 1294 4112 ab

147 4154 321 4217 animalibus
344 4158 463 4215 omnino
491 4157 609 4219 iuberet
632 4156 794 4237 abstinere,
823 4158 908 4217 cuius
932 4158 1020 4218 etiam
1049 4176 1103 4218 nos
1131 4159 1293 4238 gaudemus

146 4270 287 4343 quattuor
310 4260 393 4321 libris
417 4261 489 4338 περὶ
512 4259 637 4343 ἀποχῆς
660 4260 836 4342 {nudaturi

146 4363 357 4376 -ι--ι--ι-ι-Ι

207 4397 235 4465 1)
253 4396 295 4452 De
313 4397 433 4454 Macarii
452 4403 552 4461 aetate
574 4403 610 4463 cf.
631 4402 851 4480 digressIonem
869 4401 954 4458 inira
966 4396 1115 4470 possam.
