<?xml version="1.0" encoding="UTF-8"?>
<!DOCTYPE html PUBLIC "-//W3C//DTD XHTML 1.0 Transitional//EN"
    "http://www.w3.org/TR/xhtml1/DTD/xhtml1-transitional.dtd">
<html xmlns="http://www.w3.org/1999/xhtml" xml:lang="en" lang="en">
 <head>
  <title>
</title>
<meta http-equiv="Content-Type" content="text/html;charset=utf-8" />
  <meta name='ocr-system' content='tesseract 3.04.00' />
  <meta name='ocr-capabilities' content='ocr_page ocr_carea ocr_par ocr_line ocrx_word'/>
</head>
<body>
  <div class='ocr_page' id='page_1' title='image "./prolegomenainju00neumgoog_0036.png"; bbox 0 0 2910 4688; ppageno 0'>
   <div class='ocr_carea' id='block_1_1' title="bbox 161 190 798 262">
    <p class='ocr_par' dir='ltr' id='par_1_1' title="bbox 161 190 798 262">
     <span class='ocr_line' id='line_1_1' title="bbox 161 190 798 262; baseline -0.013 -8"><span class='ocrx_word' id='word_1_1' title='bbox 161 190 205 254; x_wconf 88' lang='lat'><strong>30</strong></span> <span class='ocrx_word' id='word_1_2' title='bbox 667 192 760 262; x_wconf 79' lang='lat' dir='ltr'><strong>Caput</strong></span> <span class='ocrx_word' id='word_1_3' title='bbox 777 194 798 247; x_wconf 89' lang='lat'><strong>1.</strong></span> 
     </span>
    </p>
   </div>
   <div class='ocr_carea' id='block_1_2' title="bbox 159 356 1313 975">
    <p class='ocr_par' dir='ltr' id='par_1_2' title="bbox 159 356 1312 656">
     <span class='ocr_line' id='line_1_2' title="bbox 160 356 1311 440; baseline 0.005 -24"><span class='ocrx_word' id='word_1_4' title='bbox 160 358 232 417; x_wconf 91' lang='lat' dir='ltr'><strong>tiani</strong></span> <span class='ocrx_word' id='word_1_5' title='bbox 251 356 418 435; x_wconf 92' lang='lat' dir='ltr'><strong>ponendam</strong></span> <span class='ocrx_word' id='word_1_6' title='bbox 432 375 498 417; x_wconf 93' lang='lat' dir='ltr'><strong>esse</strong></span> <span class='ocrx_word' id='word_1_7' title='bbox 513 358 662 419; x_wconf 86' lang='lat' dir='ltr'><strong>Theodori</strong></span> <span class='ocrx_word' id='word_1_8' title='bbox 678 358 880 438; x_wconf 87' lang='lat' dir='ltr'><strong>llopsuesteni</strong></span> <span class='ocrx_word' id='word_1_9' title='bbox 899 367 1038 440; x_wconf 81' lang='lat' dir='ltr'><strong>mortem3</strong></span> <span class='ocrx_word' id='word_1_10' title='bbox 1058 377 1146 439; x_wconf 89' lang='lat' dir='ltr'><strong>qnam</strong></span> <span class='ocrx_word' id='word_1_11' title='bbox 1165 378 1311 422; x_wconf 89' lang='lat' dir='ltr'><strong>curcum</strong></span> 
     </span>
     <span class='ocr_line' id='line_1_3' title="bbox 159 463 1312 547; baseline 0.005 -24"><span class='ocrx_word' id='word_1_12' title='bbox 159 463 323 524; x_wconf 91' lang='lat' dir='ltr'><strong>Fritzschio</strong></span> <span class='ocrx_word' id='word_1_13' title='bbox 347 467 377 524; x_wconf 97' lang='lat' dir='ltr'><strong>in</strong></span> <span class='ocrx_word' id='word_1_14' title='bbox 397 464 530 525; x_wconf 92' lang='lat' dir='ltr'><strong>eiusdem</strong></span> <span class='ocrx_word' id='word_1_15' title='bbox 553 468 647 545; x_wconf 87' lang='lat' dir='ltr'><strong>prima</strong></span> <span class='ocrx_word' id='word_1_16' title='bbox 672 474 754 545; x_wconf 87' lang='lat' dir='ltr'><strong>parte</strong></span> <span class='ocrx_word' id='word_1_17' title='bbox 778 470 818 527; x_wconf 89' lang='lat' dir='ltr'><strong>ita</strong></span> <span class='ocrx_word' id='word_1_18' title='bbox 838 467 1027 547; x_wconf 82' lang='lat' dir='ltr'><strong>collocemus,</strong></span> <span class='ocrx_word' id='word_1_19' title='bbox 1050 475 1085 528; x_wconf 90' lang='lat' dir='ltr'><strong>ut</strong></span> <span class='ocrx_word' id='word_1_20' title='bbox 1107 476 1175 528; x_wconf 90' lang='lat' dir='ltr'><strong>ante</strong></span> <span class='ocrx_word' id='word_1_21' title='bbox 1197 470 1312 529; x_wconf 81' lang='lat' dir='ltr'><strong>exitum</strong></span> 
     </span>
     <span class='ocr_line' id='line_1_4' title="bbox 160 569 1312 656; baseline 0.005 -25"><span class='ocrx_word' id='word_1_22' title='bbox 160 591 185 632; x_wconf 89' lang='lat' dir='ltr'><strong>a.</strong></span> <span class='ocrx_word' id='word_1_23' title='bbox 204 569 269 632; x_wconf 82' lang='lat'><strong>428</strong></span> <span class='ocrx_word' id='word_1_24' title='bbox 293 571 376 633; x_wconf 94' lang='lat' dir='ltr'><strong>illum</strong></span> <span class='ocrx_word' id='word_1_25' title='bbox 397 573 611 633; x_wconf 88' lang='lat' dir='ltr'><strong>contendamus</strong></span> <span class='ocrx_word' id='word_1_26' title='bbox 631 592 803 652; x_wconf 91' lang='lat' dir='ltr'><strong>supremum</strong></span> <span class='ocrx_word' id='word_1_27' title='bbox 824 574 903 634; x_wconf 91' lang='lat' dir='ltr'><strong>diem</strong></span> <span class='ocrx_word' id='word_1_28' title='bbox 922 574 1042 656; x_wconf 91' lang='lat' dir='ltr'><strong>obiisse,</strong></span> <span class='ocrx_word' id='word_1_29' title='bbox 1065 594 1153 636; x_wconf 91' lang='lat' dir='ltr'><strong>causa</strong></span> <span class='ocrx_word' id='word_1_30' title='bbox 1176 584 1312 637; x_wconf 87' lang='lat' dir='ltr'><strong>nonest.</strong></span> 
     </span>
    </p>

    <p class='ocr_par' dir='ltr' id='par_1_3' title="bbox 160 678 1313 975">
     <span class='ocr_line' id='line_1_5' title="bbox 248 678 1313 761; baseline 0.005 -23"><span class='ocrx_word' id='word_1_31' title='bbox 248 678 309 738; x_wconf 88' lang='lat' dir='ltr'><strong>lam</strong></span> <span class='ocrx_word' id='word_1_32' title='bbox 338 697 408 738; x_wconf 89' lang='lat' dir='ltr'><strong>vero</strong></span> <span class='ocrx_word' id='word_1_33' title='bbox 436 679 585 740; x_wconf 87' lang='lat' dir='ltr'><strong>Theodori</strong></span> <span class='ocrx_word' id='word_1_34' title='bbox 614 682 672 740; x_wconf 90' lang='lat' dir='ltr'><strong>vita</strong></span> <span class='ocrx_word' id='word_1_35' title='bbox 700 682 868 749; x_wconf 73' lang='lat' dir='ltr'>accuratius</span> <span class='ocrx_word' id='word_1_36' title='bbox 896 683 1059 742; x_wconf 82' lang='lat' dir='ltr'><strong>examinata</strong></span> <span class='ocrx_word' id='word_1_37' title='bbox 1087 681 1313 761; x_wconf 87' lang='lat' dir='ltr'><strong>angustioribus</strong></span> 
     </span>
     <span class='ocr_line' id='line_1_6' title="bbox 161 786 1310 870; baseline 0.003 -23"><span class='ocrx_word' id='word_1_38' title='bbox 161 789 286 848; x_wconf 85' lang='lat' dir='ltr'><strong>sortasse</strong></span> <span class='ocrx_word' id='word_1_39' title='bbox 311 789 445 847; x_wconf 87' lang='lat' dir='ltr'><strong>terminis</strong></span> <span class='ocrx_word' id='word_1_40' title='bbox 465 786 712 847; x_wconf 80' lang='lat' dir='ltr'><strong>circumscribere</strong></span> <span class='ocrx_word' id='word_1_41' title='bbox 735 791 901 868; x_wconf 82' lang='lat' dir='ltr'><strong>poterimus</strong></span> <span class='ocrx_word' id='word_1_42' title='bbox 924 791 1067 869; x_wconf 89' lang='lat' dir='ltr'><strong>temporis</strong></span> <span class='ocrx_word' id='word_1_43' title='bbox 1087 792 1226 870; x_wconf 90' lang='lat' dir='ltr'><strong>spatium,</strong></span> <span class='ocrx_word' id='word_1_44' title='bbox 1249 808 1310 869; x_wconf 88' lang='lat' dir='ltr'><strong>quo</strong></span> 
     </span>
     <span class='ocr_line' id='line_1_7' title="bbox 160 892 1309 975; baseline 0.002 -21"><span class='ocrx_word' id='word_1_45' title='bbox 160 894 299 955; x_wconf 77' lang='lat' dir='ltr'><strong>refutavit</strong></span> <span class='ocrx_word' id='word_1_46' title='bbox 320 894 474 954; x_wconf 92' lang='lat' dir='ltr'><strong>lulianum.</strong></span> <span class='ocrx_word' id='word_1_47' title='bbox 511 893 632 955; x_wconf 82' lang='lat' dir='ltr'><strong>Constat</strong></span> <span class='ocrx_word' id='word_1_48' title='bbox 651 903 750 955; x_wconf 88' lang='lat' dir='ltr'><strong>autem</strong></span> <span class='ocrx_word' id='word_1_49' title='bbox 771 929 813 937; x_wconf 97' lang='lat'>—</span> <span class='ocrx_word' id='word_1_50' title='bbox 836 895 872 956; x_wconf 88' lang='lat' dir='ltr'><strong>cl.</strong></span> <span class='ocrx_word' id='word_1_51' title='bbox 897 894 1094 956; x_wconf 85' lang='lat' dir='ltr'><strong>Fritzschium</strong></span> <span class='ocrx_word' id='word_1_52' title='bbox 1113 915 1141 975; x_wconf 89' lang='lat' dir='ltr'><strong>p.</strong></span> <span class='ocrx_word' id='word_1_53' title='bbox 1156 892 1252 975; x_wconf 80' lang='lat' dir='ltr'><strong>bsqq.</strong></span> <span class='ocrx_word' id='word_1_54' title='bbox 1270 929 1309 940; x_wconf 92' lang='lat'><em>-</em></span> 
     </span>
    </p>
   </div>
   <div class='ocr_carea' id='block_1_3' title="bbox 159 1000 1417 1084">
    <p class='ocr_par' dir='ltr' id='par_1_4' title="bbox 159 1000 1417 1084">
     <span class='ocr_line' id='line_1_8' title="bbox 159 1000 1417 1084; baseline 0.002 -23"><span class='ocrx_word' id='word_1_55' title='bbox 159 1020 217 1062; x_wconf 89' lang='lat' dir='ltr'><strong>una</strong></span> <span class='ocrx_word' id='word_1_56' title='bbox 240 1019 309 1062; x_wconf 92' lang='lat' dir='ltr'><strong>cum</strong></span> <span class='ocrx_word' id='word_1_57' title='bbox 328 1001 436 1062; x_wconf 91' lang='lat' dir='ltr'><strong>loanne</strong></span> <span class='ocrx_word' id='word_1_58' title='bbox 456 1000 666 1081; x_wconf 75' lang='lat' dir='ltr'><strong>Chrysostomo</strong></span> <span class='ocrx_word' id='word_1_59' title='bbox 686 1005 779 1062; x_wconf 90' lang='lat' dir='ltr'><strong>amico</strong></span> <span class='ocrx_word' id='word_1_60' title='bbox 803 1002 974 1062; x_wconf 74' lang='lat' dir='ltr'><strong>interfuisse</strong></span> <span class='ocrx_word' id='word_1_61' title='bbox 999 1020 1067 1062; x_wconf 90' lang='lat' dir='ltr'><strong>euvn</strong></span> <span class='ocrx_word' id='word_1_62' title='bbox 1091 1002 1211 1084; x_wconf 88' lang='lat' dir='ltr'><strong>scholis,</strong></span> <span class='ocrx_word' id='word_1_63' title='bbox 1235 1021 1310 1083; x_wconf 85' lang='lat' dir='ltr'><strong>quas</strong></span> <span class='ocrx_word' id='word_1_64' title='bbox 1415 1030 1417 1034; x_wconf 94' lang='lat'>·</span> 
     </span>
    </p>
   </div>
   <div class='ocr_carea' id='block_1_4' title="bbox 157 1107 1313 2474">
    <p class='ocr_par' dir='ltr' id='par_1_5' title="bbox 157 1107 1313 2474">
     <span class='ocr_line' id='line_1_9' title="bbox 158 1107 1311 1190; baseline 0.001 -22"><span class='ocrx_word' id='word_1_65' title='bbox 158 1109 329 1169; x_wconf 81' lang='lat' dir='ltr'><strong>Antiochiae</strong></span> <span class='ocrx_word' id='word_1_66' title='bbox 349 1107 452 1168; x_wconf 90' lang='lat' dir='ltr'><strong>habuit</strong></span> <span class='ocrx_word' id='word_1_67' title='bbox 466 1107 616 1188; x_wconf 82' lang='lat' dir='ltr'><strong>Liberius,</strong></span> <span class='ocrx_word' id='word_1_68' title='bbox 636 1128 694 1188; x_wconf 92' lang='lat' dir='ltr'><strong>quo</strong></span> <span class='ocrx_word' id='word_1_69' title='bbox 713 1117 815 1188; x_wconf 90' lang='lat' dir='ltr'><strong>postea</strong></span> <span class='ocrx_word' id='word_1_70' title='bbox 838 1109 942 1169; x_wconf 91' lang='lat' dir='ltr'><strong>relicto</strong></span> <span class='ocrx_word' id='word_1_71' title='bbox 957 1109 1090 1169; x_wconf 90' lang='lat' dir='ltr'><strong>eiusdem</strong></span> <span class='ocrx_word' id='word_1_72' title='bbox 1105 1108 1311 1190; x_wconf 76' lang='lat' dir='ltr'><strong>chrysostomi</strong></span> 
     </span>
     <span class='ocr_line' id='line_1_10' title="bbox 158 1215 1310 1295; baseline 0.003 -21"><span class='ocrx_word' id='word_1_73' title='bbox 158 1215 278 1276; x_wconf 89' lang='lat' dir='ltr'><strong>hortatu</strong></span> <span class='ocrx_word' id='word_1_74' title='bbox 302 1216 445 1275; x_wconf 81' lang='lat' dir='ltr'><strong>formatus</strong></span> <span class='ocrx_word' id='word_1_75' title='bbox 470 1223 516 1276; x_wconf 92' lang='lat' dir='ltr'><strong>est</strong></span> <span class='ocrx_word' id='word_1_76' title='bbox 538 1218 705 1295; x_wconf 85' lang='lat' dir='ltr'><strong>praeceptis</strong></span> <span class='ocrx_word' id='word_1_77' title='bbox 729 1224 759 1276; x_wconf 90' lang='lat' dir='ltr'><strong>et</strong></span> <span class='ocrx_word' id='word_1_78' title='bbox 787 1217 975 1276; x_wconf 88' lang='lat' dir='ltr'><strong>institutione</strong></span> <span class='ocrx_word' id='word_1_79' title='bbox 998 1216 1120 1276; x_wconf 85' lang='lat' dir='ltr'><strong>Diodori</strong></span> <span class='ocrx_word' id='word_1_80' title='bbox 1143 1215 1310 1277; x_wconf 80' lang='lat' dir='ltr'><strong>Tarsensis.</strong></span> 
     </span>
     <span class='ocr_line' id='line_1_11' title="bbox 159 1321 1309 1403; baseline 0.003 -22"><span class='ocrx_word' id='word_1_81' title='bbox 159 1322 232 1382; x_wconf 84' lang='lat' dir='ltr'><strong>Dein</strong></span> <span class='ocrx_word' id='word_1_82' title='bbox 256 1323 367 1401; x_wconf 86' lang='lat' dir='ltr'><strong>aliquot</strong></span> <span class='ocrx_word' id='word_1_83' title='bbox 391 1340 484 1383; x_wconf 93' lang='lat' dir='ltr'><strong>annos</strong></span> <span class='ocrx_word' id='word_1_84' title='bbox 506 1321 662 1403; x_wconf 72' lang='lat' dir='ltr'><strong>presbyter</strong></span> <span class='ocrx_word' id='word_1_85' title='bbox 685 1323 857 1383; x_wconf 82' lang='lat' dir='ltr'><strong>Antiochiae</strong></span> <span class='ocrx_word' id='word_1_86' title='bbox 881 1330 1081 1383; x_wconf 89' lang='lat' dir='ltr'><strong>commoratus</strong></span> <span class='ocrx_word' id='word_1_87' title='bbox 1104 1322 1229 1384; x_wconf 83' lang='lat' dir='ltr'><strong>Tarsum</strong></span> <span class='ocrx_word' id='word_1_88' title='bbox 1253 1325 1309 1384; x_wconf 94' lang='lat' dir='ltr'><strong>mi·</strong></span> 
     </span>
     <span class='ocr_line' id='line_1_12' title="bbox 157 1429 1311 1511; baseline 0.003 -22"><span class='ocrx_word' id='word_1_89' title='bbox 157 1432 264 1508; x_wconf 84' lang='lat' dir='ltr'><strong>gravit,</strong></span> <span class='ocrx_word' id='word_1_90' title='bbox 288 1448 345 1509; x_wconf 89' lang='lat' dir='ltr'><strong>qua</strong></span> <span class='ocrx_word' id='word_1_91' title='bbox 370 1430 472 1491; x_wconf 90' lang='lat' dir='ltr'><strong>relicta</strong></span> <span class='ocrx_word' id='word_1_92' title='bbox 496 1449 550 1510; x_wconf 89' lang='lat' dir='ltr'><strong>per</strong></span> <span class='ocrx_word' id='word_1_93' title='bbox 573 1432 694 1509; x_wconf 88' lang='lat' dir='ltr'><strong>triginta</strong></span> <span class='ocrx_word' id='word_1_94' title='bbox 718 1450 769 1491; x_wconf 84' lang='lat' dir='ltr'><strong>sex</strong></span> <span class='ocrx_word' id='word_1_95' title='bbox 793 1449 886 1491; x_wconf 94' lang='lat' dir='ltr'><strong>annos</strong></span> <span class='ocrx_word' id='word_1_96' title='bbox 909 1432 1069 1510; x_wconf 93' lang='lat' dir='ltr'><strong>episcopus</strong></span> <span class='ocrx_word' id='word_1_97' title='bbox 1092 1431 1148 1491; x_wconf 90' lang='lat' dir='ltr'><strong>luit</strong></span> <span class='ocrx_word' id='word_1_98' title='bbox 1170 1429 1311 1511; x_wconf 84' lang='lat' dir='ltr'><strong>Mopsuc-</strong></span> 
     </span>
     <span class='ocr_line' id='line_1_13' title="bbox 159 1536 1313 1620; baseline 0.001 -22"><span class='ocrx_word' id='word_1_99' title='bbox 159 1545 320 1598; x_wconf 90' lang='lat' dir='ltr'><strong>stenorum.</strong></span> <span class='ocrx_word' id='word_1_100' title='bbox 363 1536 478 1608; x_wconf 83' lang='lat' dir='ltr'><strong>Quibus</strong></span> <span class='ocrx_word' id='word_1_101' title='bbox 506 1544 605 1598; x_wconf 91' lang='lat' dir='ltr'><strong>autem</strong></span> <span class='ocrx_word' id='word_1_102' title='bbox 634 1536 724 1598; x_wconf 90' lang='lat' dir='ltr'><strong>rebus</strong></span> <span class='ocrx_word' id='word_1_103' title='bbox 754 1540 934 1598; x_wconf 79' lang='lat' dir='ltr'><strong>commoveri</strong></span> <span class='ocrx_word' id='word_1_104' title='bbox 960 1540 1071 1620; x_wconf 90' lang='lat' dir='ltr'><strong>potuit,</strong></span> <span class='ocrx_word' id='word_1_105' title='bbox 1105 1548 1137 1598; x_wconf 94' lang='lat' dir='ltr'><strong>ut</strong></span> <span class='ocrx_word' id='word_1_106' title='bbox 1164 1538 1313 1599; x_wconf 81' lang='lat' dir='ltr'><strong>refutaret</strong></span> 
     </span>
     <span class='ocr_line' id='line_1_14' title="bbox 160 1641 1313 1723; baseline 0.002 -19"><span class='ocrx_word' id='word_1_107' title='bbox 160 1644 265 1706; x_wconf 89' lang='lat' dir='ltr'><strong>luhani</strong></span> <span class='ocrx_word' id='word_1_108' title='bbox 291 1646 480 1723; x_wconf 90' lang='lat' dir='ltr'><strong>imperatoris</strong></span> <span class='ocrx_word' id='word_1_109' title='bbox 509 1653 611 1704; x_wconf 91' lang='lat' dir='ltr'><strong>contra</strong></span> <span class='ocrx_word' id='word_1_110' title='bbox 639 1643 822 1705; x_wconf 82' lang='lat' dir='ltr'><strong>Christianos</strong></span> <span class='ocrx_word' id='word_1_111' title='bbox 851 1641 964 1705; x_wconf 78' lang='lat' dir='ltr'><strong>libros?</strong></span> <span class='ocrx_word' id='word_1_112' title='bbox 1011 1644 1103 1706; x_wconf 85' lang='lat' dir='ltr'><strong>Cuius</strong></span> <span class='ocrx_word' id='word_1_113' title='bbox 1131 1648 1175 1706; x_wconf 92' lang='lat' dir='ltr'><strong>rei</strong></span> <span class='ocrx_word' id='word_1_114' title='bbox 1204 1663 1313 1707; x_wconf 87' lang='lat' dir='ltr'><strong>causas</strong></span> 
     </span>
     <span class='ocr_line' id='line_1_15' title="bbox 159 1750 1313 1833; baseline 0.003 -23"><span class='ocrx_word' id='word_1_115' title='bbox 159 1754 184 1810; x_wconf 94' lang='lat' dir='ltr'><strong>si</strong></span> <span class='ocrx_word' id='word_1_116' title='bbox 209 1750 402 1811; x_wconf 89' lang='lat' dir='ltr'><strong>coniectando</strong></span> <span class='ocrx_word' id='word_1_117' title='bbox 426 1753 544 1829; x_wconf 88' lang='lat' dir='ltr'><strong>assequi</strong></span> <span class='ocrx_word' id='word_1_118' title='bbox 567 1750 716 1833; x_wconf 78' lang='lat' dir='ltr'><strong>volumuS,</strong></span> <span class='ocrx_word' id='word_1_119' title='bbox 746 1770 783 1811; x_wconf 91' lang='lat' dir='ltr'><strong>ne</strong></span> <span class='ocrx_word' id='word_1_120' title='bbox 808 1753 998 1819; x_wconf 87' lang='lat' dir='ltr'><strong>immemores</strong></span> <span class='ocrx_word' id='word_1_121' title='bbox 1016 1753 1109 1812; x_wconf 88' lang='lat' dir='ltr'><strong>simus</strong></span> <span class='ocrx_word' id='word_1_122' title='bbox 1133 1750 1313 1813; x_wconf 87' lang='lat' dir='ltr'><strong>benevolen-</strong></span> 
     </span>
     <span class='ocr_line' id='line_1_16' title="bbox 160 1857 1310 1939; baseline 0.002 -21"><span class='ocrx_word' id='word_1_123' title='bbox 160 1861 231 1939; x_wconf 84' lang='lat' dir='ltr'><strong>tiae,</strong></span> <span class='ocrx_word' id='word_1_124' title='bbox 259 1877 316 1937; x_wconf 88' lang='lat' dir='ltr'><strong>qua</strong></span> <span class='ocrx_word' id='word_1_125' title='bbox 344 1857 504 1918; x_wconf 92' lang='lat' dir='ltr'><strong>Photinum</strong></span> <span class='ocrx_word' id='word_1_126' title='bbox 532 1867 709 1937; x_wconf 90' lang='lat' dir='ltr'><strong>prosecutus</strong></span> <span class='ocrx_word' id='word_1_127' title='bbox 738 1868 783 1919; x_wconf 91' lang='lat' dir='ltr'><strong>est</strong></span> <span class='ocrx_word' id='word_1_128' title='bbox 806 1859 951 1939; x_wconf 88' lang='lat' dir='ltr'><strong>lulianus;</strong></span> <span class='ocrx_word' id='word_1_129' title='bbox 979 1858 1088 1938; x_wconf 90' lang='lat' dir='ltr'><strong>quihus</strong></span> <span class='ocrx_word' id='word_1_130' title='bbox 1117 1859 1310 1921; x_wconf 87' lang='lat' dir='ltr'><strong>contumeliis</strong></span> 
     </span>
     <span class='ocr_line' id='line_1_17' title="bbox 158 1958 1312 2049; baseline 0.001 -23"><span class='ocrx_word' id='word_1_131' title='bbox 158 1965 332 2026; x_wconf 88' lang='lat' dir='ltr'><strong>laceraverit</strong></span> <span class='ocrx_word' id='word_1_132' title='bbox 350 1964 520 2026; x_wconf 86' lang='lat' dir='ltr'><strong>Diodorum.</strong></span> <span class='ocrx_word' id='word_1_133' title='bbox 529 1958 554 2049; x_wconf 89' lang='lat'><strong>¹)</strong></span> <span class='ocrx_word' id='word_1_134' title='bbox 587 1965 620 2026; x_wconf 95' lang='lat' dir='ltr'><strong>ln</strong></span> <span class='ocrx_word' id='word_1_135' title='bbox 640 1966 766 2045; x_wconf 90' lang='lat' dir='ltr'><strong>epistula</strong></span> <span class='ocrx_word' id='word_1_136' title='bbox 786 1969 865 2027; x_wconf 92' lang='lat' dir='ltr'><strong>enim</strong></span> <span class='ocrx_word' id='word_1_137' title='bbox 883 1965 1017 2026; x_wconf 85' lang='lat' dir='ltr'>LXXIX:</span> <span class='ocrx_word' id='word_1_138' title='bbox 1047 1964 1093 2027; x_wconf 87' lang='grc' dir='ltr'><strong>Σὺ</strong></span> <span class='ocrx_word' id='word_1_139' title='bbox 1112 1964 1179 2042; x_wconf 81' lang='grc' dir='ltr'>μὲν,</span> <span class='ocrx_word' id='word_1_140' title='bbox 1203 1968 1312 2047; x_wconf 85' lang='lat' dir='ltr'><strong>inquit,</strong></span> 
     </span>
     <span class='ocr_line' id='line_1_18' title="bbox 159 2067 1309 2153; baseline 0.001 -21"><span class='ocrx_word' id='word_1_141' title='bbox 159 2067 185 2132; x_wconf 83' lang='grc' dir='ltr'>ὦ</span> <span class='ocrx_word' id='word_1_142' title='bbox 200 2070 351 2148; x_wconf 83' lang='grc' dir='ltr'>Φωτεινὲ,</span> <span class='ocrx_word' id='word_1_143' title='bbox 370 2070 504 2134; x_wconf 68' lang='grc' dir='ltr'>πιθανὸς</span> <span class='ocrx_word' id='word_1_144' title='bbox 519 2071 618 2153; x_wconf 87' lang='grc' dir='ltr'>φαίνῃ</span> <span class='ocrx_word' id='word_1_145' title='bbox 638 2071 689 2134; x_wconf 87' lang='grc' dir='ltr'><strong>καὶ</strong></span> <span class='ocrx_word' id='word_1_146' title='bbox 704 2070 878 2147; x_wconf 80' lang='grc' dir='ltr'>ἐγγύτατοε</span> <span class='ocrx_word' id='word_1_147' title='bbox 892 2074 951 2135; x_wconf 81' lang='grc' dir='ltr'><strong>τοῦ</strong></span> <span class='ocrx_word' id='word_1_148' title='bbox 966 2071 1125 2149; x_wconf 71' lang='lat' dir='ltr'><strong>colerent,</strong></span> <span class='ocrx_word' id='word_1_149' title='bbox 1145 2072 1309 2134; x_wconf 88' lang='lat' dir='ltr'><strong>Diodorum</strong></span> 
     </span>
     <span class='ocr_line' id='line_1_19' title="bbox 158 2180 1312 2262; baseline 0.001 -22"><span class='ocrx_word' id='word_1_150' title='bbox 158 2188 257 2241; x_wconf 90' lang='lat' dir='ltr'><strong>autem</strong></span> <span class='ocrx_word' id='word_1_151' title='bbox 275 2180 414 2241; x_wconf 88' lang='lat' dir='ltr'><strong>Nazaraei</strong></span> <span class='ocrx_word' id='word_1_152' title='bbox 439 2199 554 2260; x_wconf 90' lang='lat' dir='ltr'><strong>magum</strong></span> <span class='ocrx_word' id='word_1_153' title='bbox 579 2182 743 2262; x_wconf 89' lang='lat' dir='ltr'><strong>appellavit,</strong></span> <span class='ocrx_word' id='word_1_154' title='bbox 767 2200 854 2242; x_wconf 90' lang='lat' dir='ltr'><strong>omne</strong></span> <span class='ocrx_word' id='word_1_155' title='bbox 874 2183 939 2242; x_wconf 91' lang='lat' dir='ltr'><strong>eius</strong></span> <span class='ocrx_word' id='word_1_156' title='bbox 963 2200 1074 2261; x_wconf 92' lang='lat' dir='ltr'><strong>corpus</strong></span> <span class='ocrx_word' id='word_1_157' title='bbox 1099 2188 1312 2260; x_wconf 91' lang='lat' dir='ltr'><strong>consumptum</strong></span> 
     </span>
     <span class='ocr_line' id='line_1_20' title="bbox 159 2280 1309 2370; baseline 0 -24"><span class='ocrx_word' id='word_1_158' title='bbox 159 2305 235 2365; x_wconf 92' lang='lat' dir='ltr'><strong>esse,</strong></span> <span class='ocrx_word' id='word_1_159' title='bbox 251 2287 340 2348; x_wconf 92' lang='lat' dir='ltr'><strong>malas</strong></span> <span class='ocrx_word' id='word_1_160' title='bbox 350 2288 524 2370; x_wconf 85' lang='lat' dir='ltr'><strong>concidisse,</strong></span> <span class='ocrx_word' id='word_1_161' title='bbox 536 2298 634 2350; x_wconf 90' lang='lat' dir='ltr'><strong>cutem</strong></span> <span class='ocrx_word' id='word_1_162' title='bbox 646 2291 728 2368; x_wconf 92' lang='lat' dir='ltr'><strong>rugis</strong></span> <span class='ocrx_word' id='word_1_163' title='bbox 738 2288 881 2349; x_wconf 90' lang='lat' dir='ltr'><strong>sulcatam</strong></span> <span class='ocrx_word' id='word_1_164' title='bbox 892 2307 957 2349; x_wconf 92' lang='lat' dir='ltr'><strong>esse</strong></span> <span class='ocrx_word' id='word_1_165' title='bbox 968 2282 1047 2369; x_wconf 90' lang='lat' dir='ltr'><strong>(pag.</strong></span> <span class='ocrx_word' id='word_1_166' title='bbox 1060 2285 1134 2369; x_wconf 82' lang='lat'><strong>606,</strong></span> <span class='ocrx_word' id='word_1_167' title='bbox 1144 2284 1187 2348; x_wconf 79' lang='lat'><strong>25</strong></span> <span class='ocrx_word' id='word_1_168' title='bbox 1197 2280 1309 2370; x_wconf 88' lang='lat' dir='ltr'><strong>llertl.)</strong></span> 
     </span>
     <span class='ocr_line' id='line_1_21' title="bbox 159 2394 1313 2474; baseline 0.002 -21"><span class='ocrx_word' id='word_1_169' title='bbox 159 2394 312 2454; x_wconf 88' lang='lat' dir='ltr'><strong>contendit</strong></span> <span class='ocrx_word' id='word_1_170' title='bbox 326 2404 449 2473; x_wconf 91' lang='lat' dir='ltr'><strong>propter</strong></span> <span class='ocrx_word' id='word_1_171' title='bbox 463 2395 641 2474; x_wconf 87' lang='lat' dir='ltr'><strong>llagitiorum</strong></span> <span class='ocrx_word' id='word_1_172' title='bbox 657 2395 877 2456; x_wconf 90' lang='lat' dir='ltr'><strong>multitudinem</strong></span> <span class='ocrx_word' id='word_1_173' title='bbox 891 2413 906 2455; x_wconf 93' lang='lat' dir='ltr'><strong>a</strong></span> <span class='ocrx_word' id='word_1_174' title='bbox 921 2395 967 2455; x_wconf 93' lang='lat' dir='ltr'><strong>dis</strong></span> <span class='ocrx_word' id='word_1_175' title='bbox 981 2394 1200 2456; x_wconf 90' lang='lat' dir='ltr'><strong>immortalibus</strong></span> <span class='ocrx_word' id='word_1_176' title='bbox 1213 2412 1313 2473; x_wconf 92' lang='lat' dir='ltr'><strong>poena</strong></span> 
     </span>
    </p>
   </div>
   <div class='ocr_carea' id='block_1_5' title="bbox 157 2499 1313 3010">
    <p class='ocr_par' dir='ltr' id='par_1_6' title="bbox 157 2499 1313 3010">
     <span class='ocr_line' id='line_1_22' title="bbox 158 2499 1313 2582; baseline -0.001 -20"><span class='ocrx_word' id='word_1_177' title='bbox 158 2502 269 2581; x_wconf 81' lang='lat' dir='ltr'><strong>affecti,</strong></span> <span class='ocrx_word' id='word_1_178' title='bbox 292 2500 420 2578; x_wconf 89' lang='lat' dir='ltr'><strong>denique</strong></span> <span class='ocrx_word' id='word_1_179' title='bbox 444 2499 638 2579; x_wconf 91' lang='lat' dir='ltr'><strong>probaturum</strong></span> <span class='ocrx_word' id='word_1_180' title='bbox 662 2520 694 2561; x_wconf 92' lang='lat' dir='ltr'><strong>se</strong></span> <span class='ocrx_word' id='word_1_181' title='bbox 723 2520 789 2562; x_wconf 88' lang='lat' dir='ltr'><strong>esse</strong></span> <span class='ocrx_word' id='word_1_182' title='bbox 813 2501 974 2562; x_wconf 86' lang='lat' dir='ltr'><strong>Galilaeum</strong></span> <span class='ocrx_word' id='word_1_183' title='bbox 997 2501 1094 2582; x_wconf 93' lang='lat' dir='ltr'><strong>illum,</strong></span> <span class='ocrx_word' id='word_1_184' title='bbox 1123 2502 1173 2562; x_wconf 90' lang='lat' dir='ltr'><strong>cni</strong></span> <span class='ocrx_word' id='word_1_185' title='bbox 1201 2503 1313 2562; x_wconf 91' lang='lat' dir='ltr'><strong>iniuria</strong></span> 
     </span>
     <span class='ocr_line' id='line_1_23' title="bbox 158 2606 1313 2689; baseline 0.003 -23"><span class='ocrx_word' id='word_1_186' title='bbox 158 2607 305 2668; x_wconf 84' lang='lat' dir='ltr'><strong>Diodorus</strong></span> <span class='ocrx_word' id='word_1_187' title='bbox 324 2606 456 2666; x_wconf 93' lang='lat' dir='ltr'><strong>divinum</strong></span> <span class='ocrx_word' id='word_1_188' title='bbox 475 2606 619 2667; x_wconf 91' lang='lat' dir='ltr'><strong>honorem</strong></span> <span class='ocrx_word' id='word_1_189' title='bbox 638 2607 801 2689; x_wconf 90' lang='lat' dir='ltr'><strong>tribuisset,</strong></span> <span class='ocrx_word' id='word_1_190' title='bbox 824 2607 905 2687; x_wconf 92' lang='lat' dir='ltr'><strong>leges</strong></span> <span class='ocrx_word' id='word_1_191' title='bbox 924 2616 954 2668; x_wconf 92' lang='lat' dir='ltr'><strong>et</strong></span> <span class='ocrx_word' id='word_1_192' title='bbox 979 2609 1119 2688; x_wconf 81' lang='lat' dir='ltr'><strong>mysteria</strong></span> <span class='ocrx_word' id='word_1_193' title='bbox 1139 2609 1313 2688; x_wconf 86' lang='lat' dir='ltr'><strong>corrupisse</strong></span> 
     </span>
     <span class='ocr_line' id='line_1_24' title="bbox 158 2705 1313 2796; baseline 0 -21"><span class='ocrx_word' id='word_1_194' title='bbox 158 2718 220 2795; x_wconf 93' lang='lat' dir='ltr'><strong>ipse</strong></span> <span class='ocrx_word' id='word_1_195' title='bbox 248 2716 492 2796; x_wconf 89' lang='lat' dir='ltr'><strong>pronuntiaverat</strong></span> <span class='ocrx_word' id='word_1_196' title='bbox 520 2708 561 2794; x_wconf 88' lang='lat' dir='ltr'><strong>(p.</strong></span> <span class='ocrx_word' id='word_1_197' title='bbox 582 2711 655 2796; x_wconf 81' lang='lat'><strong>606,</strong></span> <span class='ocrx_word' id='word_1_198' title='bbox 674 2708 797 2793; x_wconf 68' lang='lat' dir='ltr'><strong>(ison).</strong></span> <span class='ocrx_word' id='word_1_199' title='bbox 838 2714 918 2785; x_wconf 84' lang='lat' dir='ltr'><strong>Quae</strong></span> <span class='ocrx_word' id='word_1_200' title='bbox 943 2733 1012 2775; x_wconf 92' lang='lat' dir='ltr'><strong>cum</strong></span> <span class='ocrx_word' id='word_1_201' title='bbox 1035 2717 1076 2775; x_wconf 87' lang='lat' dir='ltr'><strong>ita</strong></span> <span class='ocrx_word' id='word_1_202' title='bbox 1102 2717 1172 2796; x_wconf 89' lang='lat' dir='ltr'><strong>sint,</strong></span> <span class='ocrx_word' id='word_1_203' title='bbox 1195 2705 1313 2775; x_wconf 86' lang='lat' dir='ltr'><strong>ratione</strong></span> 
     </span>
     <span class='ocr_line' id='line_1_25' title="bbox 158 2820 1313 2902; baseline -0.001 -18"><span class='ocrx_word' id='word_1_204' title='bbox 158 2841 260 2884; x_wconf 88' lang='lat' dir='ltr'><strong>carere</strong></span> <span class='ocrx_word' id='word_1_205' title='bbox 285 2841 344 2883; x_wconf 95' lang='lat' dir='ltr'><strong>non</strong></span> <span class='ocrx_word' id='word_1_206' title='bbox 368 2820 542 2902; x_wconf 90' lang='lat' dir='ltr'><strong>videbimur,</strong></span> <span class='ocrx_word' id='word_1_207' title='bbox 566 2823 591 2881; x_wconf 89' lang='lat' dir='ltr'><strong>si</strong></span> <span class='ocrx_word' id='word_1_208' title='bbox 615 2822 808 2881; x_wconf 90' lang='lat' dir='ltr'><strong>statuerimus</strong></span> <span class='ocrx_word' id='word_1_209' title='bbox 827 2820 1016 2882; x_wconf 86' lang='lat' dir='ltr'><strong>Theodorum</strong></span> <span class='ocrx_word' id='word_1_210' title='bbox 1036 2821 1158 2882; x_wconf 83' lang='lat' dir='ltr'><strong>lliodori</strong></span> <span class='ocrx_word' id='word_1_211' title='bbox 1181 2821 1313 2902; x_wconf 88' lang='lat' dir='ltr'><strong>discipu·</strong></span> 
     </span>
     <span class='ocr_line' id='line_1_26' title="bbox 157 2922 1312 3010; baseline -0.001 -21"><span class='ocrx_word' id='word_1_212' title='bbox 157 2929 218 2989; x_wconf 93' lang='lat' dir='ltr'><strong>lum</strong></span> <span class='ocrx_word' id='word_1_213' title='bbox 229 2922 255 3010; x_wconf 80' lang='lat'><strong>²)</strong></span> <span class='ocrx_word' id='word_1_214' title='bbox 279 2930 403 3008; x_wconf 85' lang='lat' dir='ltr'><strong>gratiam</strong></span> <span class='ocrx_word' id='word_1_215' title='bbox 427 2930 567 3007; x_wconf 91' lang='lat' dir='ltr'><strong>magistro</strong></span> <span class='ocrx_word' id='word_1_216' title='bbox 588 2926 737 2988; x_wconf 89' lang='lat' dir='ltr'><strong>rettulisse</strong></span> <span class='ocrx_word' id='word_1_217' title='bbox 761 2928 898 2988; x_wconf 80' lang='lat' dir='ltr'><strong>refutatis</strong></span> <span class='ocrx_word' id='word_1_218' title='bbox 917 2928 1022 2989; x_wconf 90' lang='lat' dir='ltr'><strong>luliani</strong></span> <span class='ocrx_word' id='word_1_219' title='bbox 1045 2936 1149 2989; x_wconf 89' lang='lat' dir='ltr'><strong>contra</strong></span> <span class='ocrx_word' id='word_1_220' title='bbox 1168 2927 1312 2989; x_wconf 88' lang='lat' dir='ltr'><strong>Christia-</strong></span> 
     </span>
    </p>
   </div>
   <div class='ocr_carea' id='block_1_6' title="bbox 143 3168 1314 4400">
    <p class='ocr_par' dir='ltr' id='par_1_7' title="bbox 143 3168 1314 4308">
     <span class='ocr_line' id='line_1_27' title="bbox 230 3168 1309 3241; baseline -0.001 -14"><span class='ocrx_word' id='word_1_221' title='bbox 230 3174 257 3241; x_wconf 90' lang='lat'><strong>1)</strong></span> <span class='ocrx_word' id='word_1_222' title='bbox 277 3171 351 3227; x_wconf 86' lang='lat' dir='ltr'><strong>Scite</strong></span> <span class='ocrx_word' id='word_1_223' title='bbox 367 3172 393 3226; x_wconf 89' lang='lat' dir='ltr'>N</span> <span class='ocrx_word' id='word_1_224' title='bbox 395 3171 497 3226; x_wconf 80' lang='lat' dir='ltr'><strong>eander</strong></span> <span class='ocrx_word' id='word_1_225' title='bbox 510 3170 540 3225; x_wconf 91' lang='lat' dir='ltr'><strong>in</strong></span> <span class='ocrx_word' id='word_1_226' title='bbox 558 3169 630 3225; x_wconf 87' lang='lat' dir='ltr'><strong>libro</strong></span> <span class='ocrx_word' id='word_1_227' title='bbox 645 3169 693 3239; x_wconf 89' lang='lat' dir='ltr'><strong>qni</strong></span> <span class='ocrx_word' id='word_1_228' title='bbox 712 3168 872 3224; x_wconf 80' lang='lat' dir='ltr'><strong>inscribitur</strong></span> <span class='ocrx_word' id='word_1_229' title='bbox 886 3169 1054 3239; x_wconf 77' lang='lat' dir='ltr'><strong>allgemsine</strong></span> <span class='ocrx_word' id='word_1_230' title='bbox 1068 3169 1238 3227; x_wconf 79' lang='lat' dir='ltr'><strong>Geschiehte</strong></span> <span class='ocrx_word' id='word_1_231' title='bbox 1257 3171 1309 3226; x_wconf 86' lang='lat' dir='ltr'><strong>dar</strong></span> 
     </span>
     <span class='ocr_line' id='line_1_28' title="bbox 157 3259 1311 3333; baseline 0 -18"><span class='ocrx_word' id='word_1_232' title='bbox 157 3260 337 3315; x_wconf 80' lang='lat' dir='ltr'><strong>obristhchen</strong></span> <span class='ocrx_word' id='word_1_233' title='bbox 356 3260 485 3330; x_wconf 82' lang='lat' dir='ltr'><strong>Religion</strong></span> <span class='ocrx_word' id='word_1_234' title='bbox 508 3261 565 3314; x_wconf 90' lang='lat' dir='ltr'><strong>und</strong></span> <span class='ocrx_word' id='word_1_235' title='bbox 583 3259 686 3313; x_wconf 90' lang='lat' dir='ltr'><strong>Kirche</strong></span> <span class='ocrx_word' id='word_1_236' title='bbox 703 3259 769 3325; x_wconf 86' lang='lat'><strong>111,</strong></span> <span class='ocrx_word' id='word_1_237' title='bbox 786 3264 944 3329; x_wconf 64' lang='lat' dir='ltr'><strong>tempas</strong></span> <span class='ocrx_word' id='word_1_238' title='bbox 966 3259 1066 3328; x_wconf 84' lang='lat' dir='ltr'><strong>Iulian,</strong></span> <span class='ocrx_word' id='word_1_239' title='bbox 1084 3260 1185 3333; x_wconf 83' lang='lat' dir='ltr'><strong>inquit,</strong></span> <span class='ocrx_word' id='word_1_240' title='bbox 1203 3260 1311 3316; x_wconf 73' lang='lat' dir='ltr'><strong>meinis</strong></span> 
     </span>
     <span class='ocr_line' id='line_1_29' title="bbox 158 3347 1311 3418; baseline 0.001 -14"><span class='ocrx_word' id='word_1_241' title='bbox 158 3351 246 3404; x_wconf 88' lang='lat' dir='ltr'><strong>durch</strong></span> <span class='ocrx_word' id='word_1_242' title='bbox 264 3349 338 3403; x_wconf 85' lang='lat' dir='ltr'><strong>scine</strong></span> <span class='ocrx_word' id='word_1_243' title='bbox 358 3350 463 3405; x_wconf 79' lang='lat' dir='ltr'><strong>Krinste</strong></span> <span class='ocrx_word' id='word_1_244' title='bbox 483 3350 532 3404; x_wconf 89' lang='lat' dir='ltr'><strong>das</strong></span> <span class='ocrx_word' id='word_1_245' title='bbox 550 3349 604 3403; x_wconf 89' lang='lat' dir='ltr'><strong>irre</strong></span> <span class='ocrx_word' id='word_1_246' title='bbox 623 3347 757 3417; x_wconf 78' lang='lat' dir='ltr'><strong>geleibets</strong></span> <span class='ocrx_word' id='word_1_247' title='bbox 775 3347 849 3402; x_wconf 77' lang='lat' dir='ltr'><strong>Vollr</strong></span> <span class='ocrx_word' id='word_1_248' title='bbox 868 3348 1014 3417; x_wconf 87' lang='lat' dir='ltr'><strong>gewinnen</strong></span> <span class='ocrx_word' id='word_1_249' title='bbox 1033 3367 1068 3403; x_wconf 89' lang='lat' dir='ltr'><strong>zu</strong></span> <span class='ocrx_word' id='word_1_250' title='bbox 1086 3349 1208 3418; x_wconf 77' lang='lat' dir='ltr'><strong>konnen,</strong></span> <span class='ocrx_word' id='word_1_251' title='bbox 1226 3366 1311 3405; x_wconf 89' lang='lat' dir='ltr'><strong>vvenn</strong></span> 
     </span>
     <span class='ocr_line' id='line_1_30' title="bbox 156 3434 1311 3505; baseline -0.001 -12"><span class='ocrx_word' id='word_1_252' title='bbox 156 3439 216 3493; x_wconf 89' lang='lat' dir='ltr'><strong>ihm</strong></span> <span class='ocrx_word' id='word_1_253' title='bbox 235 3457 287 3493; x_wconf 91' lang='lat' dir='ltr'><strong>nur</strong></span> <span class='ocrx_word' id='word_1_254' title='bbox 306 3438 385 3492; x_wconf 78' lang='lat' dir='ltr'><strong>nicht</strong></span> <span class='ocrx_word' id='word_1_255' title='bbox 402 3437 447 3492; x_wconf 88' lang='lat' dir='ltr'><strong>die</strong></span> <span class='ocrx_word' id='word_1_256' title='bbox 466 3436 593 3491; x_wconf 82' lang='lat' dir='ltr'><strong>Bischdfe</strong></span> <span class='ocrx_word' id='word_1_257' title='bbox 618 3434 884 3505; x_wconf 80' lang='lat' dir='ltr'><strong>entgegsnvvirlrten.</strong></span> <span class='ocrx_word' id='word_1_258' title='bbox 922 3436 984 3490; x_wconf 87' lang='lat' dir='ltr'><strong>Und</strong></span> <span class='ocrx_word' id='word_1_259' title='bbox 1007 3436 1158 3492; x_wconf 86' lang='lat' dir='ltr'><strong>besonders</strong></span> <span class='ocrx_word' id='word_1_260' title='bbox 1180 3438 1311 3493; x_wconf 74' lang='lat' dir='ltr'><strong>verbasci</strong></span> 
     </span>
     <span class='ocr_line' id='line_1_31' title="bbox 159 3525 1313 3597; baseline 0 -15"><span class='ocrx_word' id='word_1_261' title='bbox 159 3546 252 3582; x_wconf 83' lang='lat' dir='ltr'><strong>waren</strong></span> <span class='ocrx_word' id='word_1_262' title='bbox 274 3527 333 3581; x_wconf 87' lang='lat' dir='ltr'><strong>ihm</strong></span> <span class='ocrx_word' id='word_1_263' title='bbox 358 3558 391 3566; x_wconf 87' lang='lat'><strong>—-</strong></span> <span class='ocrx_word' id='word_1_264' title='bbox 421 3527 580 3597; x_wconf 86' lang='lat' dir='ltr'><strong>diejenigen</strong></span> <span class='ocrx_word' id='word_1_265' title='bbox 601 3525 746 3592; x_wconf 80' lang='lat' dir='ltr'><strong>Bischdie,</strong></span> <span class='ocrx_word' id='word_1_266' title='bbox 775 3525 880 3580; x_wconf 89' lang='lat' dir='ltr'><strong>welche</strong></span> <span class='ocrx_word' id='word_1_267' title='bbox 904 3525 949 3580; x_wconf 87' lang='lat' dir='ltr'><strong>dis</strong></span> <span class='ocrx_word' id='word_1_268' title='bbox 976 3526 1146 3597; x_wconf 81' lang='lat' dir='ltr'><strong>hellenische</strong></span> <span class='ocrx_word' id='word_1_269' title='bbox 1169 3527 1313 3582; x_wconf 78' lang='lat' dir='ltr'><strong>hilaretur</strong></span> 
     </span>
     <span class='ocr_line' id='line_1_32' title="bbox 158 3614 1314 3687; baseline -0.001 -15"><span class='ocrx_word' id='word_1_270' title='bbox 158 3618 240 3687; x_wconf 86' lang='lat' dir='ltr'><strong>eifrig</strong></span> <span class='ocrx_word' id='word_1_271' title='bbox 260 3617 363 3672; x_wconf 78' lang='lat' dir='ltr'><strong>studirt</strong></span> <span class='ocrx_word' id='word_1_272' title='bbox 384 3615 483 3670; x_wconf 79' lang='lat' dir='ltr'><strong>hatten</strong></span> <span class='ocrx_word' id='word_1_273' title='bbox 506 3615 564 3669; x_wconf 91' lang='lat' dir='ltr'><strong>und</strong></span> <span class='ocrx_word' id='word_1_274' title='bbox 587 3614 663 3669; x_wconf 84' lang='lat' dir='ltr'><strong>disse</strong></span> <span class='ocrx_word' id='word_1_275' title='bbox 686 3614 774 3669; x_wconf 81' lang='lat' dir='ltr'><strong>selhst</strong></span> <span class='ocrx_word' id='word_1_276' title='bbox 796 3632 858 3668; x_wconf 82' lang='lat' dir='ltr'><strong>aum</strong></span> <span class='ocrx_word' id='word_1_277' title='bbox 877 3614 992 3669; x_wconf 87' lang='lat' dir='ltr'><strong>Dienste</strong></span> <span class='ocrx_word' id='word_1_278' title='bbox 1018 3616 1067 3670; x_wconf 91' lang='lat' dir='ltr'><strong>des</strong></span> <span class='ocrx_word' id='word_1_279' title='bbox 1087 3614 1314 3671; x_wconf 80' lang='lat' dir='ltr'><strong>Christenthums</strong></span> 
     </span>
     <span class='ocr_line' id='line_1_33' title="bbox 157 3702 1314 3777; baseline -0.001 -16"><span class='ocrx_word' id='word_1_280' title='bbox 157 3707 214 3761; x_wconf 90' lang='lat' dir='ltr'><strong>und</strong></span> <span class='ocrx_word' id='word_1_281' title='bbox 233 3723 323 3777; x_wconf 83' lang='lat' dir='ltr'><strong>gagen</strong></span> <span class='ocrx_word' id='word_1_282' title='bbox 341 3706 391 3759; x_wconf 87' lang='lat' dir='ltr'><strong>das</strong></span> <span class='ocrx_word' id='word_1_283' title='bbox 410 3704 599 3759; x_wconf 74' lang='lat' dir='ltr'><strong>Heidenthum</strong></span> <span class='ocrx_word' id='word_1_284' title='bbox 618 3704 817 3773; x_wconf 82' lang='lat' dir='ltr'><strong>gebrauchien,</strong></span> <span class='ocrx_word' id='word_1_285' title='bbox 836 3722 858 3756; x_wconf 85' lang='lat' dir='ltr'><strong>a.</strong></span> <span class='ocrx_word' id='word_1_286' title='bbox 877 3703 908 3757; x_wconf 88' lang='lat' dir='ltr'><strong>B.</strong></span> <span class='ocrx_word' id='word_1_287' title='bbox 928 3703 974 3758; x_wconf 89' lang='lat' dir='ltr'><strong>die</strong></span> <span class='ocrx_word' id='word_1_288' title='bbox 992 3702 1125 3772; x_wconf 80' lang='lat' dir='ltr'><strong>Mttnner,</strong></span> <span class='ocrx_word' id='word_1_289' title='bbox 1149 3704 1203 3758; x_wconf 78' lang='lat' dir='ltr'><strong>mih</strong></span> <span class='ocrx_word' id='word_1_290' title='bbox 1219 3705 1314 3760; x_wconf 86' lang='lat' dir='ltr'><strong>denen</strong></span> 
     </span>
     <span class='ocr_line' id='line_1_34' title="bbox 158 3791 1313 3866; baseline -0.003 -15"><span class='ocrx_word' id='word_1_291' title='bbox 158 3813 188 3852; x_wconf 91' lang='lat' dir='ltr'><strong>er</strong></span> <span class='ocrx_word' id='word_1_292' title='bbox 210 3798 251 3850; x_wconf 85' lang='lat' dir='ltr'><strong>als</strong></span> <span class='ocrx_word' id='word_1_293' title='bbox 270 3795 406 3866; x_wconf 86' lang='lat' dir='ltr'><strong>Jiingling</strong></span> <span class='ocrx_word' id='word_1_294' title='bbox 430 3794 459 3847; x_wconf 92' lang='lat' dir='ltr'><strong>in</strong></span> <span class='ocrx_word' id='word_1_295' title='bbox 477 3793 571 3848; x_wconf 80' lang='lat' dir='ltr'><strong>Athen</strong></span> <span class='ocrx_word' id='word_1_296' title='bbox 594 3792 697 3847; x_wconf 76' lang='lat' dir='ltr'><strong>studirb</strong></span> <span class='ocrx_word' id='word_1_297' title='bbox 720 3791 812 3860; x_wconf 75' lang='lat' dir='ltr'><strong>hatte,</strong></span> <span class='ocrx_word' id='word_1_298' title='bbox 835 3792 881 3846; x_wconf 88' lang='lat' dir='ltr'><strong>die</strong></span> <span class='ocrx_word' id='word_1_299' title='bbox 907 3792 1007 3846; x_wconf 86' lang='lat' dir='ltr'><strong>beiden</strong></span> <span class='ocrx_word' id='word_1_300' title='bbox 1031 3793 1160 3847; x_wconf 78' lang='lat' dir='ltr'><strong>Freunde</strong></span> <span class='ocrx_word' id='word_1_301' title='bbox 1178 3792 1313 3863; x_wconf 78' lang='lat' dir='ltr'><strong>Basilius,</strong></span> 
     </span>
     <span class='ocr_line' id='line_1_35' title="bbox 157 3880 1310 3952; baseline -0.001 -14"><span class='ocrx_word' id='word_1_302' title='bbox 157 3885 273 3940; x_wconf 87' lang='lat' dir='ltr'><strong>Bischof</strong></span> <span class='ocrx_word' id='word_1_303' title='bbox 289 3903 342 3940; x_wconf 89' lang='lat' dir='ltr'><strong>von</strong></span> <span class='ocrx_word' id='word_1_304' title='bbox 357 3884 506 3949; x_wconf 79' lang='lat' dir='ltr'><strong>Caesarea,</strong></span> <span class='ocrx_word' id='word_1_305' title='bbox 524 3882 582 3935; x_wconf 89' lang='lat' dir='ltr'><strong>und</strong></span> <span class='ocrx_word' id='word_1_306' title='bbox 597 3882 702 3952; x_wconf 85' lang='lat' dir='ltr'><strong>Gregor</strong></span> <span class='ocrx_word' id='word_1_307' title='bbox 720 3898 775 3935; x_wconf 90' lang='lat' dir='ltr'><strong>von</strong></span> <span class='ocrx_word' id='word_1_308' title='bbox 789 3881 920 3949; x_wconf 83' lang='lat' dir='ltr'><strong>Nazianz,</strong></span> <span class='ocrx_word' id='word_1_309' title='bbox 939 3880 992 3936; x_wconf 90' lang='lat' dir='ltr'><strong>vvie</strong></span> <span class='ocrx_word' id='word_1_310' title='bbox 1010 3880 1180 3952; x_wconf 81' lang='lat' dir='ltr'><strong>disjenigen,</strong></span> <span class='ocrx_word' id='word_1_311' title='bbox 1198 3882 1310 3937; x_wconf 83' lang='lat' dir='ltr'><strong>welche</strong></span> 
     </span>
     <span class='ocr_line' id='line_1_36' title="bbox 157 3970 1313 4041; baseline -0.002 -14"><span class='ocrx_word' id='word_1_312' title='bbox 157 3978 238 4028; x_wconf 84' lang='lat' dir='ltr'><strong>nnter</strong></span> <span class='ocrx_word' id='word_1_313' title='bbox 261 3972 351 4028; x_wconf 82' lang='lat' dir='ltr'><strong>seiher</strong></span> <span class='ocrx_word' id='word_1_314' title='bbox 368 3973 529 4041; x_wconf 82' lang='lat' dir='ltr'><strong>Regiernng</strong></span> <span class='ocrx_word' id='word_1_315' title='bbox 552 3970 721 4025; x_wconf 88' lang='lat' dir='ltr'><strong>hellenisehe</strong></span> <span class='ocrx_word' id='word_1_316' title='bbox 744 3970 948 4025; x_wconf 82' lang='lat' dir='ltr'><strong>Wissenschnft</strong></span> <span class='ocrx_word' id='word_1_317' title='bbox 973 3987 1022 4024; x_wconf 85' lang='lat' dir='ltr'><strong>zur</strong></span> <span class='ocrx_word' id='word_1_318' title='bbox 1039 3970 1237 4041; x_wconf 79' lang='lat' dir='ltr'><strong>Beksmpfung</strong></span> <span class='ocrx_word' id='word_1_319' title='bbox 1262 3971 1313 4027; x_wconf 87' lang='lat' dir='ltr'><strong>des</strong></span> 
     </span>
     <span class='ocr_line' id='line_1_37' title="bbox 157 4059 1314 4131; baseline -0.003 -14"><span class='ocrx_word' id='word_1_320' title='bbox 157 4063 361 4117; x_wconf 90' lang='lat' dir='ltr'><strong>Heidenthums</strong></span> <span class='ocrx_word' id='word_1_321' title='bbox 377 4062 432 4115; x_wconf 89' lang='lat' dir='ltr'><strong>und</strong></span> <span class='ocrx_word' id='word_1_322' title='bbox 447 4059 671 4131; x_wconf 80' lang='lat' dir='ltr'><strong>Vertheidigung</strong></span> <span class='ocrx_word' id='word_1_323' title='bbox 685 4060 733 4114; x_wconf 89' lang='lat' dir='ltr'><strong>des</strong></span> <span class='ocrx_word' id='word_1_324' title='bbox 749 4059 974 4114; x_wconf 80' lang='lat' dir='ltr'><strong>Christenhhums</strong></span> <span class='ocrx_word' id='word_1_325' title='bbox 987 4078 1021 4114; x_wconf 83' lang='lat' dir='ltr'><strong>au</strong></span> <span class='ocrx_word' id='word_1_326' title='bbox 1035 4060 1174 4115; x_wconf 78' lang='lat' dir='ltr'><strong>bennlzen</strong></span> <span class='ocrx_word' id='word_1_327' title='bbox 1187 4062 1314 4131; x_wconf 76' lang='lat' dir='ltr'><strong>wagtsn,</strong></span> 
     </span>
     <span class='ocr_line' id='line_1_38' title="bbox 158 4148 1313 4222; baseline 0.001 -16"><span class='ocrx_word' id='word_1_328' title='bbox 158 4153 203 4206; x_wconf 87' lang='lat' dir='ltr'><strong>ein</strong></span> <span class='ocrx_word' id='word_1_329' title='bbox 220 4151 391 4222; x_wconf 82' lang='lat' dir='ltr'><strong>Apollinaris</strong></span> <span class='ocrx_word' id='word_1_330' title='bbox 414 4168 470 4206; x_wconf 87' lang='lat' dir='ltr'><strong>von</strong></span> <span class='ocrx_word' id='word_1_331' title='bbox 493 4148 646 4217; x_wconf 83' lang='lat' dir='ltr'><strong>Laodices,</strong></span> <span class='ocrx_word' id='word_1_332' title='bbox 669 4149 727 4202; x_wconf 91' lang='lat' dir='ltr'><strong>und</strong></span> <span class='ocrx_word' id='word_1_333' title='bbox 750 4149 795 4203; x_wconf 90' lang='lat' dir='ltr'><strong>ein</strong></span> <span class='ocrx_word' id='word_1_334' title='bbox 812 4149 963 4217; x_wconf 87' lang='lat' dir='ltr'><strong>Diodorus,</strong></span> <span class='ocrx_word' id='word_1_335' title='bbox 987 4149 1104 4204; x_wconf 90' lang='lat' dir='ltr'><strong>Bischof</strong></span> <span class='ocrx_word' id='word_1_336' title='bbox 1127 4166 1183 4205; x_wconf 92' lang='lat' dir='ltr'><strong>von</strong></span> <span class='ocrx_word' id='word_1_337' title='bbox 1209 4149 1313 4207; x_wconf 75' lang='lat' dir='ltr'><strong>Tarsus</strong></span> 
     </span>
     <span class='ocr_line' id='line_1_39' title="bbox 143 4237 1193 4308; baseline 0.003 -19"><span class='ocrx_word' id='word_1_338' title='bbox 143 4241 176 4290; x_wconf 79' lang='lat' dir='ltr'><strong>sn</strong></span> <span class='ocrx_word' id='word_1_339' title='bbox 198 4239 323 4293; x_wconf 72' lang='lat' dir='ltr'><strong>Ci&#39;lr&#39;cr&#39;en.</strong></span> <span class='ocrx_word' id='word_1_340' title='bbox 362 4239 553 4295; x_wconf 80' lang='lat' dir='ltr'><strong>Conferendus</strong></span> <span class='ocrx_word' id='word_1_341' title='bbox 572 4238 619 4293; x_wconf 87' lang='lat' dir='ltr'><strong>hio</strong></span> <span class='ocrx_word' id='word_1_342' title='bbox 638 4238 761 4293; x_wconf 81' lang='lat' dir='ltr'><strong>lulianus</strong></span> <span class='ocrx_word' id='word_1_343' title='bbox 780 4237 823 4293; x_wconf 90' lang='lat' dir='ltr'><strong>ed.</strong></span> <span class='ocrx_word' id='word_1_344' title='bbox 842 4238 933 4293; x_wconf 84' lang='lat' dir='ltr'><strong>Heril.</strong></span> <span class='ocrx_word' id='word_1_345' title='bbox 953 4256 979 4308; x_wconf 90' lang='lat' dir='ltr'><strong>p.</strong></span> <span class='ocrx_word' id='word_1_346' title='bbox 999 4244 1065 4305; x_wconf 85' lang='grc'>606,</span> <span class='ocrx_word' id='word_1_347' title='bbox 1086 4242 1120 4293; x_wconf 80' lang='lat'><strong>15</strong></span> <span class='ocrx_word' id='word_1_348' title='bbox 1134 4255 1193 4307; x_wconf 86' lang='lat' dir='ltr'><strong>sqq.</strong></span> 
     </span>
    </p>

    <p class='ocr_par' dir='ltr' id='par_1_8' title="bbox 202 4325 1308 4400">
     <span class='ocr_line' id='line_1_40' title="bbox 202 4325 1308 4400; baseline 0.005 -24"><span class='ocrx_word' id='word_1_349' title='bbox 202 4325 233 4387; x_wconf 76' lang='lat'><strong>2)</strong></span> <span class='ocrx_word' id='word_1_350' title='bbox 257 4326 437 4382; x_wconf 75' lang='lat' dir='ltr'><strong>&#39;theodoreti</strong></span> <span class='ocrx_word' id='word_1_351' title='bbox 455 4330 484 4382; x_wconf 85' lang='lat' dir='ltr'><strong>lr.</strong></span> <span class='ocrx_word' id='word_1_352' title='bbox 502 4346 526 4386; x_wconf 87' lang='lat' dir='ltr'><strong>e.</strong></span> <span class='ocrx_word' id='word_1_353' title='bbox 544 4328 570 4381; x_wconf 85' lang='lat' dir='ltr'><strong>l&#39;</strong></span> <span class='ocrx_word' id='word_1_354' title='bbox 584 4335 621 4384; x_wconf 72' lang='lat' dir='ltr'><strong>to</strong></span> <span class='ocrx_word' id='word_1_355' title='bbox 639 4348 668 4400; x_wconf 92' lang='lat' dir='ltr'><strong>p.</strong></span> <span class='ocrx_word' id='word_1_356' title='bbox 689 4334 743 4384; x_wconf 70' lang='lat' dir='ltr'><strong>llll</strong></span> <span class='ocrx_word' id='word_1_357' title='bbox 762 4329 848 4384; x_wconf 79' lang='lat' dir='ltr'><strong>obsoc</strong></span> <span class='ocrx_word' id='word_1_358' title='bbox 863 4332 917 4395; x_wconf 70' lang='grc' dir='ltr'><strong>τὴ(</strong></span> <span class='ocrx_word' id='word_1_359' title='bbox 933 4328 981 4393; x_wconf 64' lang='grc' dir='ltr'><strong>μὲν</strong></span> <span class='ocrx_word' id='word_1_360' title='bbox 999 4327 1143 4392; x_wconf 71' lang='lat' dir='ltr'><strong>husothpou</strong></span> <span class='ocrx_word' id='word_1_361' title='bbox 1159 4330 1213 4379; x_wconf 69' lang='lat' dir='ltr'><strong>eoo</strong></span> <span class='ocrx_word' id='word_1_362' title='bbox 1231 4326 1308 4381; x_wconf 81' lang='grc' dir='ltr'>πάνυ</span> 
     </span>
    </p>
   </div>
   <div class='ocr_carea' id='block_1_7' title="bbox 0 0 1460 4688">
    <p class='ocr_par' dir='ltr' id='par_1_9' title="bbox 0 0 1460 4688">
     <span class='ocr_line' id='line_1_41' title="bbox 0 0 1460 4688; baseline 0 0"><span class='ocrx_word' id='word_1_363' title='bbox 0 0 1460 4688; x_wconf 95' lang='lat' dir='ltr'><strong> </strong></span> 
     </span>
    </p>
   </div>
  </div>
 </body>
</html>
