2910 4688
143 196 169 231 χ
644 166 735 236 Caput
752 167 772 220 I.

141 360 176 407 <e
209 354 289 413 «tutu
310 341 346 401 aei
369 336 523 397 sabiniam
547 351 611 393 rem
634 334 729 410 egisse
752 331 962 410 Theophanem
992 334 1021 390 in
1046 350 1122 391 anino
1147 331 1281 408 eligendo

147 471 219 509 auu
247 458 374 523 apparet.

228 556 285 613 lain
306 571 374 611 iero
393 551 461 627 quis
478 558 523 607 est
542 549 593 626 qui
616 548 728 606 nesciat
746 544 851 604 luliani
870 546 905 604 de
926 545 1034 624 quibus
1053 547 1167 623 agimus
1189 546 1282 606 libros

139 667 172 725 ,ai
203 674 331 721 instram
359 676 419 717 nou
450 656 620 733 pervenisse
653 647 800 711 aetatem?
837 652 1020 712 luterierunt
1052 660 1150 712 autem
1180 653 1282 712 eadem

139 774 251 831 ratione
270 785 303 827 ac
322 765 415 825 reteri
438 761 518 838 libri,
541 777 616 838 qtios
635 758 768 837 perditos
788 777 852 819 esse
873 759 955 819 valde
975 759 1124 839 lugemus3
1148 763 1199 838 qui
1219 763 1281 838 qui·

137 880 204 938 elatu
228 875 381 935 maximam
400 879 513 950 partem
533 885 568 927 eo
587 868 751 945 perierunt,
775 867 854 945 quod
874 869 1026 946 occupatis
1045 866 1198 927 bominum
1222 870 1283 928 ani·
1343 935 1350 947 ι

138 988 194 1045 mis
216 982 339 1043 aliarum
362 994 462 1038 rerum
482 973 588 1034 studiis
608 991 704 1050 neque
728 973 902 1052 legebantur
922 993 1018 1052 neque
1038 974 1284 1035 describebantur

137 1090 275 1169 antiplius3
294 1085 322 1147 iel
343 1082 420 1163 quod
440 1100 543 1141 eorum
563 1083 614 1159 qui
632 1089 733 1140 contra
750 1079 945 1141 Christianam
964 1081 1137 1160 religionem
1158 1085 1283 1162 scripse-

137 1206 202 1259 raut
225 1193 309 1255 libris
328 1191 470 1251 accidisse
494 1191 549 1247 iam
570 1195 675 1266 quarto
696 1187 813 1246 saeculo
839 1196 966 1246 exeunte
990 1190 1075 1247 testis
1095 1196 1140 1247 est
1160 1188 1284 1249 loannes

138 1303 364 1382 llbipsostuums
387 1296 423 1356 ab
443 1313 518 1355 anno
539 1291 603 1354 398
628 1313 723 1372 usque
743 1294 778 1353 ad
799 1312 907 1353 anunm
927 1291 993 1353 404
1018 1293 1284 1375 Constantinopoli-

138 1422 272 1473 tauoruut
297 1408 462 1485 episcopus.
500 1397 596 1462 Ἀλλὰ
615 1397 767 1462 coccino(
789 1398 860 1476 ἐετι,
884 1403 990 1480 inquit,
1015 1402 1080 1462 τῶν
1100 1396 1158 1462 ὑπ’
1177 1398 1285 1464 αὐτῶν

135 1512 364 1592 γεγραμμένων
388 1506 406 1570 ὁ
429 1507 545 1584 γέλως,
570 1505 650 1569 ὥετε
675 1503 887 1584 ἀφανιεθῆναι
911 1505 1023 1568 καὶτὰ
1054 1505 1155 1584 βιβλία
1186 1507 1285 1572 πάλαι

136 1622 186 1687 καὶ
210 1619 273 1695 ἅμα
296 1622 342 1700 τῷ
372 1618 533 1692 δειχθῆναι
561 1614 612 1676 καὶ
636 1611 810 1676 ἀπολέεθαι
838 1611 877 1675 τὰ
900 1610 1014 1674 πολλά.
1054 1612 1086 1676 Εἰ
1110 1614 1145 1676 δὲ
1170 1616 1232 1677 πού
1256 1637 1285 1679 τι

136 1723 186 1786 καὶ
206 1719 347 1798 εὑρεθείη
373 1721 535 1797 διαεωθὲν,
556 1719 643 1798 παρὰ
664 1721 860 1801 Χριετιανοῖ(
878 1723 974 1782 τοῦτο
996 1719 1177 1797 cotoneum
1197 1722 1285 1799 εὕροι

135 1849 181 1892 τι(
210 1826 249 1890 ἂν
278 1822 391 1913 (λόγος
415 1826 459 1890 εἰ(
487 1828 544 1890 τὸν
573 1825 727 1905 μακάριον
752 1826 900 1904 Βαβύλαν
928 1826 979 1888 καὶ
1007 1827 1086 1889 κατὰ
1110 1825 1285 1893 Ἰουλιανοῦ

136 1936 186 1999 καὶ
224 1935 304 2012 πρὸ(
340 1933 503 2011 Ἕλληνας.
550 1935 610 1996 lob.
640 1915 741 2014 Chrys.
771 1935 815 1994 ed.
844 1934 1089 1996 Montelalconius
1117 1935 1285 2023 1133911).

136 2046 201 2107 Huc
220 2046 342 2126 accedit,
362 2044 439 2124 quod
456 2044 611 2124 Porphyrii
631 2042 723 2117 libros
741 2052 843 2103 contra
858 2043 1041 2104 Christianos
1062 2046 1189 2123 scriptos
1208 2048 1286 2123 apud

137 2173 354 2235 quemcumque
384 2155 496 2213 inventi
525 2161 625 2212 essent
648 2150 833 2223 Theodosius
857 2151 1007 2229 Augustus
1037 2152 1124 2211 iussit
1152 2153 1288 2215 comburi

137 2263 200 2339 lege
221 2280 244 2322 a.
265 2260 290 2320 d.
311 2259 383 2319 XIV.
404 2258 464 2319 llal.
484 2259 567 2320 Mart.
587 2258 841 2338 Constantinopoli
861 2259 977 2318 Zenone
997 2257 1187 2320 Postumiano
1207 2280 1284 2323 coss.

138 2362 171 2453 (i.
192 2388 216 2428 o.
236 2387 259 2428 a.
279 2361 359 2450 448)
379 2367 444 2427 lata.
481 2367 590 2427 Iniuria
611 2376 710 2427 autem
735 2369 789 2425 viri
809 2366 888 2426 docti
908 2365 1014 2444 quide
1034 2365 1088 2426 bac
1108 2386 1140 2427 re
1161 2371 1286 2448 scripse-

137 2484 208 2537 runt
227 2476 261 2535 ad
287 2494 378 2536 unum
398 2493 501 2534 omnes
521 2474 739 2535 contenderunt
759 2474 836 2533 idem
861 2474 925 2532 lieri
944 2476 1067 2533 iussisse
1087 2473 1287 2537 Theodosium

139 2690 236 2751 verbis
266 2707 341 2768 quae
365 2691 557 2749 inveniuntur
586 2691 615 2748 in
645 2689 746 2749 codice
770 2687 965 2768 Iustinianco,
994 2688 1044 2748 ubi
1074 2706 1132 2746 non
1161 2687 1197 2747 dc
1226 2688 1288 2748 solo

138 2801 234 2877 agitur
249 2795 413 2875 Porphyrio
430 2791 465 2876 (l,
483 2795 510 2876 1,
526 2789 586 2870 3);’
599 2793 793 2871 Θεεπίζομεν
813 2791 918 2856 πάντα
937 2790 996 2855 <lca
1015 2793 1204 2872 Πορφύριο(
1223 2793 1287 2857 ὑπὸ

138 2908 192 2981 τῆ(
212 2901 329 2964 ἑαυτοῦ
349 2900 461 2977 μανία(
475 2900 690 2978 ἐλαυνόμενα(
710 2903 728 2979 ἢ
750 2900 881 2978 ἕτερό(
899 2920 954 2963 τι(
974 2899 1054 2963 κατὰ
1068 2905 1123 2978 τῆ(
1139 2900 1288 2980 εὐεεβοθ(

137 3013 204 3072 τῶν
225 3010 418 3086 Χριετιανῶν
438 3007 600 3085 θρηεκεία(
620 3009 799 3086 (υνέγραψε
820 3009 894 3085 πυρὶ
913 3007 1150 3086 παραδίδοεθαι.
1184 3011 1288 3090 Neque

139 3128 235 3180 tamen
261 3116 532 3178 animadverterunt
555 3120 712 3197 genuinam
742 3117 831 3178 buius
859 3118 931 3197 logis
961 3119 1085 3177 sormam
1115 3126 1230 3178 exstare
1259 3121 1289 3178 in

50 3227 53 3234 '
140 3229 213 3287 actis
237 3226 354 3286 concilii
378 3216 526 3303 Ephesini'
550 3218 717 3306 (sacrorum
741 3224 934 3286 conciliorum
959 3243 1032 3285 nova
1058 3235 1087 3285 et
1110 3225 1289 3305 amplissima

139 3334 274 3395 collectio
300 3332 345 3392 ed.
370 3332 462 3392 Mansi
487 3330 541 3392 vol.
564 3331 595 3392 V.
610 3330 690 3414 417)
720 3334 749 3391 in
779 3351 849 3413 qua,
878 3351 1055 3412 quamquam
1084 3333 1185 3394 multis
1217 3333 1290 3393 locis

141 3452 187 3505 est
210 3441 338 3521 plenior,
367 3442 486 3500 omnino
512 3458 570 3498 non
594 3442 786 3499 inveniuntur
810 3439 898 3500 verba
922 3439 940 3516 ἢ
966 3437 1074 3516 ἕτερός
1097 3458 1156 3516 τις,
1181 3440 1289 3518 quibus

141 3550 211 3611 solis
244 3548 322 3628 quod
352 3546 408 3607 sibi
440 3556 662 3625 proposuerunt
689 3556 815 3626 possunt
842 3547 977 3626 probare.
1025 3546 1106 3617 Quae
1135 3547 1223 3607 verba
1252 3567 1288 3608 ne

142 3660 208 3737 quis
236 3663 356 3716 censeat
384 3653 573 3714 librariorum
601 3655 686 3734 culpa
713 3672 778 3713 esse
807 3657 928 3714 omissa:
957 3672 992 3713 ne
1017 3657 1046 3713 in
1071 3654 1288 3732 praefectorum

144 3764 276 3843 quidem,
309 3763 361 3840 qui
388 3762 649 3841 promulgaverunt
681 3763 868 3841 imperatoris
902 3760 995 3838 legem
1024 3755 1132 3842 (blansi
1158 3757 1290 3841 V420),

144 3872 240 3932 edicto
269 3873 474 3950 inveniuntur,
507 3870 584 3948 quod
614 3869 696 3930 brevi
728 3876 795 3948 post
823 3870 1060 3946 scriptumesso
1090 3885 1125 3926 eo
1153 3869 1290 3949 efficitur,

143 3979 221 4058 quod
246 3979 302 4037 iam
331 3973 515 4051 ἀνεγνώεθη
540 3975 575 4037 ἐν
602 3981 640 4059 τῇ
669 3974 813 4056 ἐκκληείᾳ
840 3977 910 4036 τῶν
934 3970 1140 4049 μοναῑόντων
1164 3974 1200 4036 ἐν
1222 3976 1290 4036 τοί(

77 4138 81 4142 .
143 4086 302 4162 ἐρημικοῑε
326 4081 489 4159 Φαρμουθὶ
513 4076 560 4157 κγ’
585 4080 780 4144 ἰνδικτιῶνο(
804 4075 833 4144 α’
858 4079 949 4143 ἔτους
971 4080 1207 4158 Διοκλητιανοθ
1226 4075 1290 4157 ρξδ’

162 4197 179 4255 ·.
202 4212 227 4254 e.
252 4210 276 4253 a.
301 4192 328 4252 a.
357 4190 429 4252 xiv,
453 4191 514 4251 nai.
538 4177 602 4252 uu.
631 4211 655 4251 a.
679 4211 706 4270 p.
731 4190 760 4252 e.
786 4209 820 4251 n·
837 4184 926 4272 448).
969 4191 1042 4250 uam
1071 4192 1158 4250 eitam
1186 4188 1227 4249 noi
1255 4189 1291 4248 oe

84 4189 194 4408 ὕ
222 4299 329 4371 agitur
354 4298 533 4378 Poipbym‘o.
580 4298 733 4362 Inculcata
767 4307 868 4364 autem
895 4297 1033 4359 ridentur
1061 4316 1126 4358 esse
1154 4296 1243 4358 verba
1271 4296 1290 4372 ἢ
