2910 4688
159 157 199 222 18
668 164 758 234 Caput
776 167 796 220 Ι.

157 323 262 385 luliani
285 325 361 386 libri.
399 323 499 398 Quid?
522 305 601 408 quod
625 331 687 408 ipse
711 327 1011 409 lulianusp.218A
1033 330 1191 409 profitetur
1214 350 1304 411 pecu·

156 431 269 492 liariter
288 451 319 493 se
340 441 476 495 acturum
491 454 557 496 esse
572 435 608 495 de
629 436 847 515 evangeliorum
865 434 1026 517 prodigiis?
1049 438 1078 498 id
1098 437 1177 516 quod
1197 438 1316 499 fecisse

157 557 224 600 eum
248 539 341 631 altero
365 544 464 621 operis
492 544 539 602 sui
566 543 642 603 libro
667 545 795 605 eflicitur
820 563 855 605 ex
880 563 908 624 p.
928 541 990 606 261
1007 544 1047 626 Ε,
1070 544 1122 605 ubi
1145 548 1176 606 in
1196 545 1320 630 Christi⁴

156 646 370 729 genealogiam,
392 652 424 709 in
448 668 506 728 qua
530 651 685 711 referenda
709 651 848 712 differant
871 651 1036 713 Matthaeus
1059 661 1089 713 et
1111 652 1216 735 Lucas,
1240 653 1308 714 dili*

154 762 260 833 genter
288 773 319 815 se
343 757 556 845 inquisiturum
585 776 651 819 esse
675 757 747 819 dicit
775 761 805 819 in
834 759 926 821 altero
955 758 1038 820 libro.
1079 760 1182 820 'lertio
1206 768 1307 821 autem

155 862 313 924 verisimile
342 881 407 923 esse
436 866 465 923 in
495 883 617 926 examen
646 884 713 926 eum
742 885 863 927 vocasse
898 865 1011 947 reliqua
1040 869 1109 928 novi
1136 868 1308 928 testamenti

155 971 264 1048 scripta
289 971 321 1030 in
349 970 442 1032 altero
464 972 697 1051 prolegomenon
726 976 821 1053 capite
850 991 1041 1052 exponemus.
1082 973 1166 1034 Haud
1195 972 1307 1034 absona

86 1120 89 1125 ,
154 1078 245 1155 igitur
274 1076 478 1138 videturesse
503 1081 673 1140 coniectura
703 1089 847 1140 servatam
871 1098 937 1141 esse
965 1082 997 1140 in
1020 1079 1139 1140 Macarii
1161 1079 1308 1159 Magnetis

156 1185 315 1261 apocritico
336 1202 469 1263 magnam
489 1185 610 1246 alterius
634 1193 664 1246 et
687 1188 768 1247 tertii
791 1186 934 1271 librorum
958 1186 1158 1248 lulianeorum
1181 1195 1307 1268 partem,

154 1298 184 1351 et
211 1290 333 1352 alterius
362 1293 465 1374 finem,
493 1295 574 1354 tertii
602 1296 719 1355 initium
747 1297 778 1355 in
806 1294 904 1355 medio
935 1294 1011 1355 libro
1040 1296 1128 1355 tertio
1153 1296 1308 1374 apocritici

156 1401 295 1480 inveniri,
318 1398 370 1460 ubi
394 1407 511 1461 exstant
533 1401 622 1462 verba
642 1398 753 1476 ἑτέρα(
772 1397 954 1462 duodicem(
978 1397 1059 1477 ἀρχὴ
1080 1398 1115 1462 ἐκ
1134 1401 1200 1462 τῶν
1222 1397 1307 1477 πρά-

153 1507 236 1568 ξεων
264 1503 314 1566 καὶ
341 1508 399 1568 τοῦ
431 1503 621 1569 ἀποετόλου.
668 1507 778 1568 Blanda
806 1511 977 1569 coniectura
1006 1542 1048 1552 -
1080 1527 1177 1587 neque
1210 1516 1312 1568 tamen

153 1613 332 1692 accipienda.
370 1612 460 1674 Multa
480 1616 558 1675 enim
583 1624 653 1676 sunt
675 1617 706 1674 in
727 1594 897 1695 philosophi
922 1616 1094 1694 fragmentis
1119 1632 1193 1694 quae
1217 1632 1232 1674 a
1257 1613 1305 1675 lu·

154 1719 231 1779 liano
254 1729 304 1782 aut
324 1719 381 1782 dici
402 1740 461 1781 non
479 1724 632 1801 potuerint
650 1730 701 1782 aut
720 1722 798 1782 dicta
816 1741 876 1782 non
899 1741 965 1782 esse
983 1724 1079 1802 possit
1097 1721 1305 1782 demonstrari.

78 1810 81 1815 ⁵
153 1826 214 1885 lam
237 1828 355 1887 initium
379 1828 520 1888 faciamus
544 1828 580 1888 ab
606 1831 643 1888 iis
666 1828 770 1909 rebus,
798 1847 873 1908 quae
901 1830 1026 1888 minoris
1054 1831 1194 1888 momenti
1224 1837 1305 1889 sunt.

153 1933 230 1995 Dicit
263 1935 456 2015 philosophus
484 1955 512 2015 p.
541 1932 597 2018 23,
623 1932 663 1998 1ss
683 1926 760 2018 sqq];
791 1933 867 2017 162,
891 1935 911 1996 6
931 1953 994 2015 sqq.
1028 1936 1063 1996 de
1095 1934 1307 1996 innumerabili

153 2040 388 2102 Christianorum
413 2042 601 2109 multitudine
626 2042 695 2102 fidei
718 2061 806 2103 causa
830 2043 864 2102 ad
889 2050 1015 2103 mortem
1038 2043 1141 2124 ducta,
1170 2042 1199 2102 id
1224 2043 1304 2121 quod

153 2148 259 2209 melius
283 2148 392 2209 dixisse
411 2149 609 2229 Porphyrium
633 2149 678 2208 vel
697 2147 877 2229 Hieroclem,
902 2152 953 2228 qui
976 2148 1068 2210 libros
1087 2168 1158 2210 suos
1177 2151 1304 2228 scripse·
1332 2192 1337 2201 .

153 2264 223 2316 runt
246 2255 317 2315 dum
340 2266 563 2334 persequuntur
582 2254 778 2337 Christianos,
803 2274 890 2335 quam
913 2255 1059 2317 lulianum
1083 2259 1304 2336 imperatorem,

153 2381 241 2441 quem
266 2371 380 2424 constat
403 2365 461 2425 vim
485 2365 515 2422 in
538 2363 604 2423 illos
628 2382 688 2423 non
711 2362 893 2445 adhibuisse,
922 2367 1127 2445 unusquisque
1151 2365 1207 2426 sibi
1234 2382 1302 2444 per·

153 2470 296 2531 suadebit.
336 2470 447 2548 Pagina
470 2478 568 2532 autem
592 2466 633 2531 57
640 2519 649 2553 ,
671 2467 712 2531 16
744 2470 911 2551 philosophi
939 2474 1131 2533 inveniuntur
1154 2470 1242 2532 verba
1266 2468 1304 2532 ἐν

151 2572 287 2658 Ἰουδαίᾳ
310 2581 365 2659 γῇ,
394 2596 462 2638 cum
484 2576 615 2638 lulianus
638 2596 757 2657 semper
780 2578 858 2638 dicat
885 2576 904 2654 ἡ
929 2574 1064 2640 Ἰουδαία
1088 2586 1139 2639 aut
1161 2579 1201 2654 γῆ
1224 2573 1301 2639 Ἰου-

153 2681 239 2761 δαία,
263 2680 398 2746 Ἰουδαία
425 2686 464 2762 γῆ
489 2703 547 2745 non
575 2687 655 2745 item.
694 2680 793 2755 Quid?
823 2684 902 2762 quod
931 2703 1000 2746 cum
1027 2703 1064 2745 ne
1093 2703 1152 2745 uno
1182 2685 1302 2765 quidem
1332 2700 1333 2704 ’

152 2791 217 2852 loco
237 2791 472 2853 Christianorum
496 2792 614 2852 nomine
638 2799 739 2852 utatur
757 2790 898 2873 lulianus,
921 2809 996 2869 quos
1019 2790 1302 2870 semper-Galilaeos

153 2908 245 2975 vocet,
269 2901 299 2959 in
322 2898 489 2979 philosophi
519 2898 690 2977 fragmentis
715 2897 911 2959 Galilaeorum
935 2917 995 2960 non
1024 2899 1057 2958 fir
1080 2900 1204 2978 mentio,
1227 2899 1301 2977 quin

153 3008 241 3067 etiam
268 3025 296 3085 p.
325 3002 403 3087 201,
432 3000 452 3066 5
485 3012 687 3066 memorantur
718 3000 948 3086 Xprcriuvoi?¹)
996 3004 1175 3066 Gravissima
1203 3012 1303 3065 autem

152 3122 325 3193 argumenta
349 3131 383 3172 eo
407 3119 477 3172 sunt
500 3112 673 3193 repetenda,
702 3112 780 3191 quod
804 3111 882 3192 apud
906 3112 978 3173 alios
998 3114 1160 3192 scriptores
1183 3117 1305 3172 exstant

152 3205 258 3281 Iuliani
281 3219 425 3279 librorum
448 3219 626 3300 fragmenta,
650 3219 758 3298 quibus
782 3219 817 3278 de
841 3220 947 3281 iisdem
969 3217 1187 3298 rehus‘agatur
1212 3226 1302 3297 atque

153 3326 320 3406 philosophi
344 3325 520 3404 quibusdam
545 3325 632 3407 locis,
661 3325 712 3385 sed
736 3328 791 3406 ita,
821 3333 855 3386 ut
878 3334 928 3386 aut
951 3326 1121 3405 proferatur
1144 3326 1302 3406 sententia,

154 3452 229 3512 quae
257 3431 431 3513 philosopho
459 3443 618 3514 repugnet,
654 3440 704 3493 aut
732 3432 832 3518 eadem
863 3434 1009 3493 sententia
1039 3432 1104 3492 aliis
1136 3429 1235 3493 verbis
1263 3433 1303 3492 sit

155 3542 326 3618 consignata
350 3546 438 3617 atque
462 3557 497 3598 eo
521 3539 617 3620 modo,
640 3546 757 3598 utnon
780 3537 860 3598 idem
883 3557 948 3599 esse
967 3537 1072 3599 luliani
1095 3547 1183 3618 atque
1206 3536 1301 3617 philo·

154 3647 239 3726 sophi
274 3647 471 3724 fragmentum
502 3646 588 3725 plane
617 3652 755 3725 appareat
783 3664 880 3724 neque
910 3648 1043 3725 potuisse
1070 3643 1216 3706 lulianum
1244 3643 1302 3705 alio

52 3740 53 3743 ¹
153 3754 218 3814 loco
248 3754 283 3812 de
308 3752 412 3813 eodem
436 3755 600 3832 scripturae
631 3770 719 3812 versu
748 3755 789 3813 ita
811 3770 912 3833 agere,
940 3760 972 3814 ut
995 3752 1064 3813 inde
1092 3752 1302 3832 depromptum

154 3878 220 3920 esse
244 3859 395 3921 videretur
418 3859 585 3939 philosophi
609 3859 766 3919 Macariani
790 3859 995 3937 fragmentum.
1032 3859 1096 3918 Non
1117 3858 1183 3918 dico
1207 3857 1301 3936 philo-

156 3983 368 3991 ———....—.-

226 4035 252 4103 1)
277 4032 376 4087 Hiatus
400 4048 509 4101 quoque
533 4030 658 4086 evitandi
681 4029 767 4084 etiam
789 4029 938 4085 studiosior
956 4028 1063 4084 Iuliano
1086 4028 1172 4083 fnisse
1190 4027 1303 4083 videtur

155 4122 337 4193 philosophus
360 4120 547 4176 Macarianus„
581 4119 642 4185 Qua
667 4121 762 4173 tamen
785 4136 800 4174 e
827 4117 990 4174 diversitate
1014 4135 1081 4173 cave
1105 4118 1302 4188 argumentum

151 4215 242 4282 petas.
270 4210 344 4266 Nom
363 4228 426 4266 cum
440 4209 500 4280 ipse
514 4210 652 4265 Macarius
671 4208 793 4264 severior
807 4211 879 4263 esset
896 4209 926 4262 in
943 4209 1023 4263 hiatu
1038 4207 1225 4276 admittendo,
1241 4206 1302 4262 fieri

129 4299 244 4366 poteri,
268 4303 301 4353 ut
319 4300 407 4379 etiam
424 4299 592 4370 philosophi
611 4299 698 4356 verba
717 4298 911 4354 consuetudini
930 4315 995 4353 suae
1015 4296 1246 4352 accommodaret.
