2910 4688
184 220 226 283 28
690 227 781 297 Caput
799 230 819 282 I.

184 390 315 466 quinque
339 388 457 448 illorum
486 408 630 451 annorum
655 395 799 454 rationem
823 414 838 454 a
866 399 969 475 primis
998 397 1058 458 litis
1080 399 1205 460 Arianae
1228 402 1332 479 initiis,

183 494 305 556 dubium
334 515 399 557 esse
427 516 487 558 non
515 506 626 581 potest,
659 503 731 579 quin
760 501 809 561 illo
842 502 906 562 loco
935 504 969 563 ad
999 504 1144 584 synodum
1172 504 1331 568 Nicaenam

184 605 349 682 respexerit
377 612 524 682 tamquam
554 605 694 667 historiae
727 627 798 668 suae
831 610 1025 688 primordium
1055 630 1152 692 neque
1180 611 1217 672 ob
1246 613 1331 675 aliam

183 729 301 771 causam
330 713 493 772 narraverit
517 712 663 791 capitibus
690 712 784 776 1-5
812 735 860 776 res
884 717 1006 778 drianas
1034 727 1118 779 antea
1147 727 1245 798 gestas
1273 722 1333 782 nisi

183 817 261 896 quod
286 837 388 879 earum
411 821 592 880 mentionem
615 818 764 883 Eusebius
792 823 903 885 lecerat
932 824 1050 886 nullam.
1088 826 1169 898 Quae
1194 846 1262 888 cum
1290 830 1331 888 ita

182 928 254 1005 sint,
283 944 297 985 a
323 933 402 986 recta
427 928 472 986 ria
499 926 652 988 aberrasse
681 929 753 990 mibi
777 931 892 992 videtur
916 931 1111 1015 FritzscbiuS‚
1139 937 1190 1013 qui
1214 953 1230 995 a
1253 937 1331 996 victo

181 1034 294 1094 Licinio
319 1041 349 1094 et
367 1033 559 1096 Constantino
584 1054 684 1097 rerum
707 1039 800 1116 potito
820 1037 960 1099 historiae
984 1041 1102 1100 initium
1122 1043 1236 1121 cepisse
1260 1061 1330 1104 con·

136 1122 140 1131 ’
182 1141 276 1202 tendit
294 1141 514 1202 Theodoretum
534 1146 617 1205 nisus
636 1147 700 1205 eius
719 1144 818 1205 verbis
836 1148 866 1205 in
886 1146 1068 1225 praefatione
1088 1151 1202 1229 positis.
1232 1150 1330 1210 Anno-

180 1267 248 1309 rum
272 1251 350 1308 eninr
375 1257 494 1309 centum
519 1252 649 1329 quinque
674 1270 742 1312 cum
767 1254 877 1313 mentio
901 1253 977 1313 lacta
1001 1256 1039 1315 sit
1062 1254 1130 1315 libri
1150 1254 1180 1316 V.
1204 1275 1266 1337 cap.
1286 1255 1329 1319 39

181 1356 245 1415 sieri
270 1374 328 1415 non
352 1364 463 1437 potest,
492 1364 524 1417 ut
548 1355 720 1436 neglegatur
748 1358 784 1418 lis
807 1358 915 1419 Ariana
939 1360 1041 1420 eodem
1070 1360 1143 1422 loco.
1159 1372 1330 1445 memorata,

184 1464 345 1542 recipiatur
375 1473 492 1544 tempus
517 1464 594 1525 aliud
618 1465 674 1525 alio
703 1463 767 1525 loco
792 1466 911 1528 dictum.
949 1467 1009 1527 Iam
1032 1486 1102 1529 vero
1127 1470 1257 1549 synodus
1279 1471 1329 1533 Ni·

183 1590 272 1632 caena
301 1572 375 1633 lacta
404 1581 449 1631 est
478 1590 492 1631 a
522 1571 569 1631 die
598 1571 674 1632 Xlll.
699 1571 760 1633 Kal.
788 1573 841 1633 lul.
871 1593 965 1654 usque
994 1575 1028 1635 ad
1057 1575 1136 1636 diem
1164 1575 1240 1638 Xlll.
1269 1579 1332 1642 Kal.

184 1679 263 1760 Sept.
288 1682 358 1739 anni
381 1675 454 1740 325.
497 1680 556 1739 lam
590 1698 660 1740 vero
685 1680 891 1741 Theodoretus
918 1682 974 1743 11111
1002 1684 1160 1763 episcopus
1184 1683 1333 1764 cyrensis,

183 1806 258 1866 quae
288 1788 424 1866 paroecia
457 1806 526 1866 pars
559 1794 622 1847 erat
654 1787 800 1848 dioecesis
827 1788 1035 1850 Antiochense.
1075 1790 1195 1851 Initium
1224 1800 1333 1873 autem,

183 1913 241 1974 quo
266 1902 399 1973 tempore
424 1896 543 1974 scripsit
565 1894 781 1975 Theodoretus,
804 1896 884 1974 cepit
904 1895 1047 1975 Syrorum
1071 1916 1165 1958 annus
1188 1917 1204 1958 a
1225 1897 1332 1960 Kalen-

183 2002 227 2063 dis
256 2002 449 2082 Octobribus;
482 2002 518 2062 cl.
551 2001 657 2062 ldeleri
691 2004 835 2081 epitomes
867 2010 1034 2082 temporum
1062 2022 1086 2064 a.
1119 2001 1199 2066 1831
1235 2005 1333 2067 editae

182 2132 209 2191 p.
232 2109 303 2174 181.
336 2111 459 2171 Exstant
483 2128 553 2170 saue
576 2112 737 2188 scriptores
757 2111 876 2189 quidam
897 2110 1023 2194 Syriaci,
1047 2114 1112 2192 qui,
1134 2111 1331 2174 indictionum

182 2221 326 2279 rationem
351 2217 705 2296 Constantinopolitanam
734 2220 843 2298 secuti,
873 2217 1018 2279 Kalendas
1043 2219 1234 2299 Septembres
1265 2239 1331 2281 esse

182 2328 339 2388 voluerunt
363 2327 431 2386 anni
450 2328 581 2406 initium3
605 2326 641 2385 cl.
661 2325 809 2386 idolerum
828 2324 845 2385 l.
866 2324 883 2385 l.
902 2345 931 2406 p.
953 2322 1024 2387 191.
1043 2323 1117 2389 408.
1156 2326 1214 2387 Sed
1238 2328 1331 2389 luisse

180 2435 234 2495 bos
262 2452 441 2515 perpaucos,
470 2452 485 2493 a
513 2431 651 2492 llalendis
681 2430 861 2493 Octobribus
890 2451 948 2492 non
978 2435 1138 2493 recessisse
1168 2436 1331 2514 scriptores

182 2542 317 2622 Syriacos
345 2541 431 2620 longe
460 2540 616 2620 plerosque
645 2557 679 2599 ac
708 2557 744 2598 ne
773 2557 824 2598 eos
853 2539 986 2621 quidem,
1017 2542 1067 2619 qui
1092 2539 1203 2601 Graeca
1231 2541 1332 2622 lingua

182 2657 352 2729 uterentur,
384 2647 594 2726 benignissime
629 2665 675 2706 me
708 2647 810 2707 docuit
836 2646 974 2708 illiredus
1006 2645 1043 2706 de
1072 2646 1255 2710 Gutschmid.
1298 2649 1330 2710 ld

184 2767 281 2819 autem
305 2756 428 2817 dubium
447 2773 512 2815 esse
536 2761 648 2834 potest,
672 2771 760 2831 quern
785 2771 894 2814 annum
914 2763 1033 2815 centum
1057 2756 1188 2833 quinque
1211 2755 1331 2817 illorum

183 2869 311 2945 primum
327 2883 392 2925 esse
412 2863 538 2923 voluerit
552 2861 767 2942 Theodoretus,
786 2870 886 2923 utrum
907 2881 975 2922 eum
992 2864 1100 2943 ipsum,
1119 2879 1178 2940 quo
1196 2862 1332 2924 babitum

182 2982 228 3033 est
252 2972 409 3033 concilium
436 2969 612 3050 Nicaenum‚
642 2987 678 3028 an
703 2978 890 3051 sequentem,
914 2971 965 3048 qui
988 2970 1105 3030 initium
1129 2972 1208 3049 cepit
1231 2989 1248 3031 a
1270 2969 1334 3031 Kal.

182 3074 339 3139 011325.
375 3078 509 3138 Alterum
533 3079 559 3137 si
583 3078 731 3156 1111111111,
757 3083 905 3135 mortuum
930 3094 995 3136 esse
1015 3075 1204 3137 Theodorum
1228 3095 1331 3138 cense-

182 3185 227 3245 bis
254 3203 331 3244 anno
359 3180 514 3266 4281429,
543 3184 594 3244 sed
618 3202 694 3243 anno
722 3179 877 3262 4291430,
908 3184 932 3242 11
961 3180 1085 3244 alterum
1114 3185 1176 3243 veri
1205 3183 1331 3245 similius

182 3292 234 3352 tibi
259 3295 352 3352 visum
377 3295 441 3353 1111.
486 3291 516 3350 ld
545 3291 623 3371 quod
652 3293 787 3352 luturum
817 3309 882 3350 esse
910 3291 988 3350 baud
1017 3291 1202 3351 crediderim.
1246 3291 1278 3351 Α.
1303 3293 1330 3353 d.

182 3403 260 3462 enim
280 3400 324 3460 lV.
348 3399 389 3459 ld.
409 3400 476 3478 Apr.
497 3418 520 3459 a.
540 3397 604 3460 428
629 3402 833 3478 episcopatum
853 3397 1209 3477 Constantinopolitanum
1229 3417 1330 3460 susce·

182 3511 260 3588 pisse
280 3508 448 3568 Nestorium
470 3509 554 3567 testis
574 3516 619 3567 est
639 3507 776 3566 Socrates
796 3505 823 3565 b.
844 3524 869 3565 1.
888 3503 939 3564 Vll
959 3502 1009 3564 29.
1043 3504 1190 3566 Continuo
1210 3515 1331 3567 coortae

182 3625 251 3677 sunt
271 3618 489 3675 controversiae
509 3612 574 3673 illae
595 3613 794 3692 Nestorianae‚
819 3613 1005 3690 quorumvis
1025 3613 1054 3671 in
1075 3611 1138 3671 dies
1157 3612 1330 3692 augebatur.

180 3724 283 3802 Neque
307 3724 371 3783 beri
394 3723 499 3802 potuit,
524 3723 596 3799 quin
615 3720 651 3778 iis
675 3718 877 3797 implicaretur
896 3716 1072 3779 Theodorus
1091 3719 1331 3801 Mopsuestenus,

181 3834 205 3892 si
229 3832 300 3891 vixit
323 3832 412 3890 etiam
436 3847 511 3888 anno
535 3823 685 3908 4291430.
728 3825 830 3903 Neque
851 3827 974 3886 minoris
999 3829 1139 3887 momenti
1163 3825 1257 3886 altera
1279 3846 1330 3888 res

181 3947 234 4000 est.
267 3938 366 3999 Voluit
385 3936 590 3997 Theodoretus
609 3953 658 3994 res
677 3931 819 3993 ecclesiae
838 3935 966 4012 posteris
985 3933 1102 3994 tradere
1122 3952 1137 3993 a
1156 3933 1208 3993 lite
1223 3934 1330 3995 Ariana

182 4065 276 4126 usque
310 4045 344 4105 ad
375 4052 491 4105 coortas
520 4042 736 4103 controversias
765 4039 963 4100 Nestorianas.
1011 4039 1071 4100 lam
1099 4059 1169 4100 vero
1199 4043 1223 4101 si
1252 4040 1281 4101 h.
1305 4060 1331 4103 e.

181 4154 204 4211 V
222 4151 266 4215 40
290 4153 389 4232 operis
408 4152 497 4211 finem
519 4152 584 4210 esse
603 4149 677 4208 dixit
696 4144 870 4223 Θεοδώρου
890 4145 941 4208 καὶ
960 4143 1124 4209 Θεοδότου
1143 4146 1201 4223 τὴν
1220 4147 1330 4209 τελευ-

167 4257 237 4328 τήν,
269 4261 378 4317 vixisse
397 4277 451 4318 eos
470 4258 548 4319 diros
572 4257 635 4318 lere
660 4273 754 4317 annos
772 4264 841 4335 post
863 4253 923 4315 litis
947 4253 1106 4334 primordia
1125 4272 1212 4315 nemo
1236 4253 1332 4314 credi-

139 4353 230 4415 1111ίὶ,
268 4360 420 4425 Mortuus
436 4368 538 4446 igitur
559 4375 606 4431 est
633 4358 1042 4448 11111111111111114281429.
1068 4361 1178 4438 Neque
1192 4368 1342 4437 repugnat
