2910 4688
152 149 193 211 14
664 153 755 223 Caput
773 154 793 208 Ι.

148 315 347 396 Chrysostomi
373 321 505 379 oratione
525 321 555 380 in
574 319 711 400 Babylam
736 319 835 381 hahita
854 319 995 381 adversus
1013 319 1160 384 lulianum
1181 332 1211 385 et
1230 296 1319 404 gen-¹

148 422 213 482 tiles
243 416 278 506 (l.
303 423 370 486 Chr.
395 426 439 487 ed.
464 426 710 488 Montefalconius
733 420 773 510 11)
803 446 900 507 neque
925 427 961 488 de
984 427 1039 488 hac
1062 433 1196 491 oratione
1210 418 1298 510 'cogi-

147 530 268 590 tandum
294 550 358 592 esse
379 533 508 594 efficitur
531 553 567 595 ex
587 536 698 595 codicis
717 534 946 614 Rupefucaldini
970 538 1118 615 scriptura
1137 535 1173 597 ἐκ
1190 539 1249 599 τοῦ
1269 536 1300 599 α’

145 636 225 712 πρόε
245 632 428 702 Ἰουλιανόν.
464 642 538 701 Nam
563 644 656 703 oratio
680 641 728 702 illa
757 645 788 702 in
811 642 904 703 lihros
928 661 987 703 non
1012 651 1057 704 est
1081 644 1182 707 divisa.
1219 645 1317 727 Ergo>

148 747 316 807 censendus
339 758 419 809 esset
439 748 669 829 chrysostomus
693 752 907 829 conscripsisse
931 767 1006 829 opus
1026 760 1129 813 contra
1152 750 1299 816 lulianum

147 855 225 932 quod
249 855 365 916 duobus
390 866 471 917 certe
496 856 579 918 libris
604 866 762 919 constaret.
799 857 903 936 Neque
927 865 1024 917 tamen
1049 857 1078 916 id
1097 878 1228 939 unquam
1249 880 1298 922 ex·

146 963 258 1022 stitisse
282 963 380 1023 credo.
418 964 483 1024 Non
507 965 615 1025 haereo
639 967 669 1025 in
694 984 726 1025 ea
751 984 797 1047 re,
824 964 902 1043 quod
927 982 1073 1042 nusquam
1098 970 1162 1027 eius
1186 972 1297 1029 mentio

148 1069 222 1130 lacta
254 1079 311 1151 est3
341 1071 393 1130 sed
417 1089 504 1150 11111
528 1083 579 1132 aut
605 1075 669 1151 1111
694 1073 818 1132 1111111
842 1071 1040 1133 Damascenus
1067 1083 1118 1135 111
1140 1073 1254 1135 lihrarii
1277 1078 1297 1134 ii

145 1179 197 1256 qui
220 1195 302 1237 sacra
321 1176 459 1256 parallelo
478 1179 701 1258 descripserunt
720 1188 895 1241 erraverunt
917 1183 947 1240 in
971 1183 1150 1260 scriptorum
1171 1184 1296 1242 nomini·

146 1284 203 1345 hus
232 1285 404 1347 indicandis,
451 1286 587 1367 Exempli
614 1291 707 1367 gratia
736 1308 762 1367 p.
788 1284 852 1349 753
879 1287 985 1349 1111111
1013 1288 1102 1348 verha
1131 1289 1298 1350 afferuntur

145 1395 198 1453 ita:
235 1390 271 1453 ἐκ
300 1396 358 1455 τοῦ
394 1390 493 1456 αὐτοῦ
528 1393 609 1471 πρὸ(
640 1389 844 1479 Ἀντώνιονῑ)
879 1392 1113 1477 αὐτοκράτορας
1148 1397 1297 1457 antecedit

145 1508 244 1560 autem
272 1500 433 1562 Clementis
461 1502 650 1563 Alexandrini
683 1503 766 1563 locus
795 1521 830 1562 ex
862 1501 937 1562 lihro
962 1503 1020 1563 Vll.
1045 1513 1147 1564 strom.
1184 1503 1297 1564 Eodem

146 1607 232 1667 modo
256 1627 320 1687 pag.
347 1606 579 1672 tournines:
611 1612 670 1671 τοῦ
694 1608 793 1671 αὐτοῦ
822 1607 857 1671 ἐκ
879 1610 938 1670 τοῦ
961 1607 1148 1671 τελευταίου
1171 1611 1238 1671 τῶν
1261 1609 1297 1672 ἐν

146 1711 248 1796 ἐξόδῳ
268 1711 463 1791 ζητημάτων.
496 1718 730 1778 Praemittuntur
750 1726 848 1778 autem
869 1713 1036 1791 Εἰρηναίου
1056 1715 1092 1778 ἐκ
1109 1720 1167 1779 τοῦ
1186 1713 1297 1792 τετάρ-

145 1840 203 1882 του
218 1820 354 1898 ἐλέγχου
374 1821 424 1884 nni
444 1819 627 1902 ἀνατροπῆς
646 1827 702 1902 τῆ(
722 1821 937 1900 ψευδωνύμου
956 1821 1113 1896 γνώεεωε.
1147 1823 1297 1884 Facillime

145 1931 236 2008 igitur
256 1932 344 1990 etiam
363 1928 572 2010 Chrysostomo
597 1931 688 1992 trihui
707 1939 843 2011 poterant
863 1948 937 2009 quae
957 1932 1077 1991 minime
1101 1931 1137 1991 ah
1157 1950 1192 1991 eo
1213 1938 1298 1991 erant

145 2038 286 2116 proiecta.
325 2038 409 2109 Quod
438 2048 535 2100 autem
564 2042 594 2099 in
622 2040 740 2099 loannis
763 2039 936 2098 Damasceni
960 2036 1035 2097 lihro
1059 2037 1205 2116 permulta
1230 2040 1297 2098 aile-

145 2153 259 2205 runtur‘
272 2145 335 2205 loce
355 2166 389 2206 ex
410 2145 510 2226 Cprilli
524 2147 714 2207 Alexandrini
735 2155 838 2207 contra
858 2145 1004 2206 lulianum
1022 2143 1106 2205 lihris
1123 2145 1297 2225 deprompta

145 2270 241 2330 neque
262 2253 385 2315 alterius
408 2254 476 2315 libri
501 2255 611 2314 mentio
631 2254 664 2314 fit
686 2260 789 2313 contra
808 2252 954 2314 lulianum
975 2253 1087 2332 scripti,
1110 2251 1210 2333 Cyrilli
1231 2273 1296 2314 esse

146 2378 179 2419 ea
199 2380 316 2442 censeo,
336 2381 411 2440 quae
427 2361 630 2440 Chrysostomi
650 2379 715 2420 esse
735 2378 819 2438 nego.
856 2359 898 2418 Ile
919 2356 1028 2436 quihus
1047 2359 1123 2418 inira
1138 2359 1295 2439 disputabo

144 2467 238 2550 plura,
261 2469 313 2530 uhi
336 2470 372 2529 de
397 2468 505 2548 Cyrillo
528 2468 617 2528 verha
641 2468 745 2527 laclam
770 2467 859 2527 etde
886 2465 979 2526 111111
1003 2463 1108 2524 iuliani
1130 2464 1214 2528 lihro.

233 2576 432 2656 Apollinarem
460 2576 644 2636 ostendimus
674 2577 862 2654 impugnasse
891 2573 1036 2634 lulianum
1069 2590 1165 2650 neque
1197 2580 1296 2635 tamen

146 2685 209 2743 eius
228 2681 333 2762 lihros5
357 2678 560 2743 Macarium
578 2678 786 2760 Magnetem
810 2700 868 2741 non
889 2680 1055 2758 negandum
1075 2687 1121 2738 est
1140 2681 1295 2757 scripsisse

145 2799 247 2851 contra
266 2790 358 2850 lihros
378 2790 560 2851 Christianae
580 2790 715 2868 religioni
734 2791 867 2868 infestos,
891 2806 987 2866 neque
1006 2795 1105 2848 tamen
1126 2804 1177 2846 eos
1200 2786 1292 2847 luisse

146 2897 249 2958 iuliani
269 2900 326 2957 erit
344 2897 431 2957 nohis
450 2897 722 2957 demonstrandum.
759 2896 963 2983 Annoantem
984 2890 1067 2955 1867
1091 2902 1230 2972 repertus
1250 2903 1295 2953 est

144 3005 267 3065 Athenis
291 3006 384 3065 codex
402 3004 521 3064 Macarii
544 3003 700 3084 MagnetiS,
726 3005 778 3081 qui
801 3002 948 3080 quondam
973 3001 1087 3060 exstitit
1110 2999 1240 3060 Venetiis
1264 3002 1293 3059 in

145 3111 321 3173 hihliotheca
349 3113 503 3172 Marciana.
549 3109 684 3170 Eundem
715 3111 794 3168 enim
827 3126 892 3167 esse
923 3107 1055 3166 codicem
1084 3105 1295 3166 Atheniensem

145 3228 233 3298 atque
257 3219 437 3280 Marcianum
467 3225 548 3278 recte
577 3216 766 3277 contendisse
795 3216 912 3276 videtur
943 3215 973 3273 in
997 3213 1204 3274 dissertatione
1233 3232 1296 3294 sua,

145 3345 219 3406 quae
248 3335 293 3387 est
323 3327 359 3386 de
390 3326 515 3385 Macario
544 3325 678 3404 Magnete
709 3334 739 3385 et
767 3325 886 3403 scriptis
916 3324 981 3382 eius
1008 3320 1129 3380 Parisiis
1158 3339 1183 3381 a.
1210 3318 1293 3382 1877

145 3433 255 3514 puhlici
274 3437 348 3495 iuris
368 3435 443 3495 facta
463 3453 490 3512 p.
512 3430 541 3492 4.
578 3431 609 3490 L.
628 3432 795 3512 duchesne,
815 3433 900 3490 cuius
919 3429 1066 3488 sententia
1090 3446 1164 3487 novo
1184 3429 1296 3487 tirmari

144 3551 242 3622 potest
265 3549 449 3621 argumento.
485 3540 540 3600 Est
563 3543 642 3600 onim
666 3539 760 3600 codex
778 3537 967 3597 Atheniensis
987 3530 1173 3595 ‘chartaceus
1196 3536 1227 3593 in
1251 3528 1295 3613 4⁰,

145 3645 283 3731 111125,
303 3647 462 3729 11111111,
481 3650 565 3707 initio
587 3656 616 3708 et
635 3648 691 3707 line
707 3639 850 3707 mutilns’.
884 3642 1069 3703 Describitur
1083 3649 1182 3701 autem
1202 3639 1294 3701 codex

145 3757 311 3818 Marcianus
334 3759 364 3817 in
389 3756 524 3816 codicum
552 3755 649 3815 indice
672 3772 760 3814 manu
786 3753 911 3830 scripto,
942 3768 1029 3828 quem
1058 3755 1092 3808 ut
1115 3749 1295 3826 inspicerem

144 3865 275 3925 Venetiis
312 3865 422 3925 factum
456 3872 501 3923 est
534 3863 642 3941 insigni
675 3860 792 3920 loannis
820 3857 932 3918 Veludo
963 3856 1106 3936 praelecti
1138 3853 1294 3915 hihliothe·

145 3991 196 4032 cae
235 3972 271 4056 ad
310 3972 376 4031 Divi
414 3971 504 4030 Marci
541 3969 731 4029 Venetiarum
770 3963 928 4025 voluntate.
983 3960 1159 4022 Inscrihitur
1195 3968 1295 4020 autem

146 4079 295 4158 catalogus
318 4082 372 4140 ita:
404 4077 514 4159 „Index
538 4075 682 4136 librorum
706 4071 945 4134 reverendissimi
966 4069 1112 4148 qnondam
1133 4066 1295 4127 Cardinalis

204 4303 351 4368 l)Sor1'he
374 4305 553 4356 Ἂντωνῖνον,
