2910 4688
522 199 563 254 ue
582 198 836 254 surrentinorum
856 196 929 251 raus.
1070 173 1075 181 ’
1255 192 1298 257 33

148 377 249 429 mento
281 361 376 446 primo
408 369 592 449 praemissiS,
623 363 713 447 quae·
730 384 818 446 supra
850 365 1041 444 exposuimus
1070 364 1110 424 ita
1143 361 1299 423 scribenda
1361 416 1366 422 .

150 495 229 537 esse:
254 473 427 552 Θεοδώρου
448 473 672 552 Μοψουεςτὶας
694 473 728 537 ἐκ
746 475 813 535 τῶν
832 471 912 549 πρὸς
930 469 992 537 τὰε,
1006 468 1086 532 κατὰ
1106 466 1300 547 Χριςτιανιῦν

149 578 341 658 κατηγορίας
365 578 539 645 Ἰουλιανοῦ
562 585 619 644 τοῦ
644 567 839 659 παραβάτοο.
884 573 944 641 lam
972 598 1042 640 vero
1067 587 1300 667 consentaneum

149 700 194 752 est
225 691 415 752 Theodorum
445 691 565 751 Diodori
598 688 776 769 discipulum
806 688 911 749 Iuliani
943 689 1086 767 impetum
1120 688 1301 766 repressisse
1343 699 1347 707 ·

148 801 283 880 opposita
319 798 435 858 scholae
464 798 670 859 Antiochense
697 797 839 857 doctrina.
882 795 963 867 Quae
994 795 1114 874 quidem
1142 795 1198 855 luit
1226 793 1301 880 talis,

150 915 183 967 ut
203 926 266 967 eam
291 909 316 966 si
336 906 517 984 sequebatur
535 906 720 988 Theodorus,
744 923 802 965 non
822 905 919 964 omnia
940 921 1015 983 quae
1037 904 1151 963 dixerat
1170 901 1300 963 lulianus

149 1018 337 1096 impugnare,
362 1017 450 1074 immo
471 1014 610 1075 nonnulla
634 1033 692 1074 non
718 1022 819 1093 posset
841 1031 899 1073 non
919 1010 1121 1091 comprobare.
1158 1010 1301 1072 Discessit

150 1125 227 1182 enim
263 1122 298 1181 ab
332 1141 364 1181 ea
400 1140 474 1200 quae
507 1121 556 1181 illo
590 1098 723 1201 tempore
754 1121 790 1180 ab
824 1119 961 1180 omnibus
995 1119 1056 1178 iere
1090 1110 1209 1197 recepta
1238 1126 1310 1179 erat*

149 1229 296 1308 doctrina,
325 1247 392 1288 cum
417 1231 447 1288 in
477 1230 585 1288 veteris
609 1231 778 1289 testamenti
810 1229 930 1306 scriptis
954 1234 1076 1305 negaret
1099 1225 1211 1286 dictum
1236 1245 1300 1286 esse

150 1336 185 1396 de
216 1335 334 1396 Christo
367 1337 414 1397 dei
442 1339 534 1417 patris
567 1337 634 1397 lille.
680 1335 752 1396 Eam
781 1345 879 1396 autem
908 1336 999 1394 luisse
1028 1335 1093 1394 eius
1123 1335 1300 1394 sententiam
1381 1401 1385 1409 ‚

152 1443 334 1522 intellegitur
354 1464 388 1504 ex
409 1447 620 1504 commentario
639 1446 668 1504 in
690 1439 924 1504 zachur-11
947 1440 1110 1519 (Theodori
1126 1440 1301 1501 Antiocheni
1384 1440 1387 1445 ’

150 1550 347 1630 Mopsuestiae
364 1553 495 1631 episcopi
515 1570 589 1630 quae
605 1558 767 1631 supersunt
785 1552 882 1610 omnia
904 1550 947 1609 ed.
964 1549 994 1609 t.
1011 1548 1041 1608 F.
1058 1547 1088 1606 V.
1109 1566 1123 1607 a
1140 1547 1300 1627 Wegnern.

151 1657 204 1717 vol.
220 1657 240 1718 l.
256 1679 283 1737 p.
299 1656 387 1740 538),
406 1659 458 1720 urbi
473 1662 665 1720 inveniuntur
679 1660 764 1720 haec:
784 1657 915 1735 Πολλῆς
931 1656 965 1719 δὲ
981 1652 1106 1730 πλάνη(
1121 1653 1171 1716 καὶ
1187 1652 1299 1718 ἀνοίας

149 1762 213 1824 ἐςτὶ
241 1765 355 1840 μεετόν
384 1765 434 1827 καὶ
462 1765 538 1827 οὐδὲ
567 1762 709 1842 ἀςεβείας
738 1762 876 1842 ἀφεςτὸς
899 1763 937 1826 τὸ
967 1760 1053 1840 παρά
1081 1781 1179 1824 τινων
1208 1761 1300 1838 λεγό-

151 1890 261 1948 μενον,
291 1869 340 1934 ὅτι
368 1873 426 1935 τὸν
455 1871 524 1934 υἱὸν
553 1871 639 1950 ἑώρα
664 1867 718 1957 (se.
744 1867 913 1958 Zacharias)
937 1875 996 1934 τοῦ
1021 1873 1110 1945 θεοῦ,
1140 1871 1239 1949 δήλου
1263 1891 1299 1946 γε

150 1975 253 2056 ὄντος,
278 1977 327 2041 ὅτι
348 1982 414 2041 τῶν
433 1980 496 2057 πρὸ
515 1983 570 2058 τῆ(
593 1983 652 2042 τοῦ
671 1977 829 2042 δεςπότου
850 1954 982 2055 Χριῖτοῦ
1003 1977 1176 2054 παροοςίας
1196 1977 1300 2041 οὐδεὶς

149 2084 300 2161 ἠπίςτατο
330 2088 453 2164 πατέρος
477 2087 527 2149 καὶ
556 2085 639 2168 υἱὸν,
664 2085 703 2149 οῦ
726 2086 849 2163 πατέρα
873 2085 949 2149 θεὸν
973 2083 1044 2147 υἱοῦ
1069 2089 1145 2148 θεοῦ
1169 2087 1299 2163 πατέρα,

150 2191 210 2270 οὐχ
230 2193 300 2255 υἱὸν
319 2193 395 2256 θεὸν
410 2193 480 2257 υἱὸν
495 2194 616 2271 πατρὸς
636 2197 711 2257 θεοῦ
737 2197 833 2256 τοῦτο
853 2191 932 2255 ὄντα
952 2190 1032 2270 ὅπερ
1052 2191 1168 2255 ἐςτὶνὸ
1188 2197 1299 2272 πατὴρ,

149 2299 205 2363 ἅτε
239 2301 288 2363 καὶ
318 2299 397 2364 ὄντα
425 2302 457 2366 ἐξ
486 2300 594 2365 αὐτοῦ.
638 2302 676 2363 Εῐ
699 2310 766 2383 post
794 2303 971 2382 paullulum:
1000 2301 1123 2378 πατέρα
1152 2302 1186 2364 δὲ
1215 2302 1299 2380 θεὸν,

149 2388 255 2485 ὥςπερ
285 2407 353 2475 οῦν,
372 2407 456 2486 ἔφην
483 2409 556 2487 ἤδη,
591 2408 661 2472 υἱοῦ
690 2412 765 2473 θεοῦ
789 2409 839 2471 καὶ
868 2408 939 2471 υἱὸν
970 2409 1047 2472 θεὸν
1075 2412 1152 2472 θεοῦ
1180 2409 1300 2487 πατρὸς

148 2512 302 2590 ἠπίςτατο
331 2518 396 2578 τῶν
419 2514 492 2578 τότε
521 2514 664 2582 καθάπαξ
694 2515 807 2579 οὐδείς.
854 2518 1003 2579 Permulta
1032 2520 1135 2600 igitur,
1165 2537 1238 2598 quae
1263 2519 1299 2580 de

149 2623 251 2684 eadem
286 2643 317 2683 re
351 2627 381 2684 in
410 2625 532 2700 eandem
566 2627 741 2686 sententiam
776 2624 975 2704 disputaverat
1007 2625 1150 2710 lulianus,
1184 2646 1217 2687 ea
1246 2629 1299 2688 im-

148 2747 281 2807 pugnare
315 2733 344 2791 in
381 2741 510 2792 mentem
541 2735 641 2794 venire
675 2752 734 2793 non
768 2742 882 2812 poterat
915 2734 1080 2795 Theodoro.
1127 2735 1300 2796 All'eruntur

148 2844 248 2895 autem
274 2840 360 2897 etiam
384 2839 456 2898 haec
480 2843 574 2920 ipsios
598 2835 731 2923 verha1):
764 2840 877 2922 „Homo
902 2841 1300 2925 hominiconsubstantialis,

148 2941 228 3003 Deus
258 2955 355 3005 autem
385 2946 444 3006 Deo
475 2948 740 3009 consubstantialis.
779 2949 932 3020 Quomodo
957 2969 1027 3029 ergo
1052 2950 1131 3010 Deus
1155 2959 1184 3010 et
1212 2950 1299 3011 homo

148 3069 228 3110 unus
256 3071 310 3132 per
339 3056 481 3114 unitatem
510 3073 575 3114 esse
604 3053 750 3134 possunt?
793 3056 895 3117 Salvus
920 3064 949 3117 et
974 3060 1025 3136 qui
1049 3054 1199 3118 saluatur?
1241 3057 1299 3129 Qui

149 3167 216 3218 ante
242 3160 358 3220 saecula
382 3171 412 3221 et
436 3164 487 3240 qui
511 3182 545 3222 ex
570 3162 658 3222 Maria
684 3159 867 3243 appmuit?“
903 3164 941 3224 Et
959 3165 1101 3226 Leontius
1121 3164 1299 3246 Byzantinus

148 3275 252 3327 eontra
272 3266 388 3328 Nestor.
409 3277 438 3328 et
457 3267 581 3348 Eutyelr.
601 3270 649 3331 lib.
665 3271 705 3331 111
725 3266 870 3353 (Gallandi
885 3272 939 3332 Xll
958 3294 984 3353 p.
1002 3267 1123 3355 deoru)
1146 3273 1225 3356 „Hic
1250 3294 1297 3335 ex·

149 3370 328 3434 secrahilis“
346 3378 443 3455 inquit
460 3380 512 3459 „in
534 3378 725 3439 celeberrima
745 3381 868 3441 ecclesia
890 3381 1074 3462 Antiochiae,
1098 3392 1132 3443 ut
1151 3383 1297 3461 quondam

147 3480 318 3564 vocabatur,
337 3503 414 3544 nunc
434 3493 532 3545 autem
552 3486 576 3545 T
578 3486 719 3569 neapolis,
739 3508 806 3549 cum
826 3488 997 3568 explanaret
1017 3491 1189 3571 scripturae,
1208 3508 1298 3551 ausus

128 3572 195 3647 'est
219 3608 286 3649 cum
311 3590 400 3650 multa
425 3591 493 3672 alia7
517 3599 579 3652 tum
604 3613 705 3654 vocem
729 3591 893 3668 iraeadem,
918 3595 945 3654 id
972 3603 1030 3676 est,
1058 3595 1195 3676 Deipara,
1223 3601 1297 3658 vitu-

147 3714 269 3776 perare,
292 3706 326 3756 ut
345 3700 384 3757 ita
409 3698 476 3758 inde
501 3709 596 3761 totum
616 3712 718 3761 contra
742 3722 773 3763 se
794 3703 935 3783 populum
956 3699 1183 3764 cornmoveret.“
1218 3704 1297 3784 Ergo
1374 3751 1380 3762 .

147 3821 185 3861 ne
211 3821 244 3862 ea
269 3803 388 3881 quidem
412 3805 568 3884 displicere
592 3815 729 3886 poterant
752 3809 916 3890 Theodoro,
941 3831 1015 3889 (prae
1040 3820 1219 3890 exposuerat
1240 3812 1297 3872 lul·

146 3913 234 3970 ianus
259 3929 302 3990 ap.
328 3911 393 3990 Cyr.
411 3931 444 3990 p.
460 3910 552 3973 2620
568 3932 630 3992 sqq.
651 3912 744 3975 276ss
761 3936 803 3994 sq.

222 4120 247 4186 1)
267 4119 402 4173 Horduini
423 4121 485 4175 cell.
506 4121 603 4175 concil.
625 4123 664 4175 ΙΙΙ
683 4142 710 4193 ρ,
731 4129 764 4177 99
784 4126 812 4178 Ο.

589 4304 837 4319 -——-—-
857 4312 900 4317 v-·

192 4449 298 4490 Iulianus
312 4453 347 4495 ed.
364 4456 495 4501 it'eumann.
