2910 4688
181 178 222 241 10
686 178 776 247 eaput
794 181 814 233 l.

178 347 346 423 cernantur,
373 343 556 422 deprehendi
586 345 663 423 apud
692 343 889 426 Christianos,
921 347 1058 407 facillime
1092 349 1176 409 nobis
1205 368 1327 428 persua-

177 449 325 532 debimus,
345 453 370 511 si
393 453 486 530 ipsam
510 468 573 510 rem
594 453 834 528 spectaverimus.
871 452 967 514 Novae
989 457 1070 514 enim
1087 464 1185 517 sectae
1204 458 1327 518 asseclis

177 559 281 637 scripti
305 565 389 618 eraut
411 557 453 617 illi
476 555 558 636 libri,
581 558 617 616 iis
642 559 693 635 qui
715 561 861 619 maiorum
881 559 1055 638 religionem
1079 563 1165 622 etiam
1191 570 1255 623 tum
1279 567 1327 643 pie

178 664 311 727 colerent
329 685 388 727 non
406 669 485 726 item.
524 663 601 736 Quid
621 667 700 724 enim
719 665 777 725 illis
797 685 872 744 opus
892 675 955 727 erat
974 667 1172 729 demonstrari
1192 670 1327 732 loedissi-

179 792 255 833 mam
278 792 344 834 esse
368 773 563 834 Galilaeorum
592 774 849 854 superstitionem,
877 791 952 852 quae
981 776 1053 852 quin
1083 793 1223 852 perversa
1247 784 1328 837 esset

177 890 208 943 et
236 881 322 960 longe
351 880 503 941 abicienda
534 899 694 961 numquam
722 877 949 942 dubitaverant?
990 881 1027 942 At
1054 884 1127 960 ipsis
1152 882 1329 944 Christianis

177 997 241 1049 erat
259 987 444 1068 probandum
463 988 548 1067 louge
563 989 737 1049 inferiorem
752 1007 803 1048 eos
818 989 952 1067 profiteri
971 988 1068 1068 fidem,
1087 990 1327 1067 persuadendum

176 1097 213 1155 iis
232 1104 304 1176 erat,
323 1105 357 1157 ut
375 1096 409 1156 ad
430 1098 573 1156 maiorum
594 1114 677 1156 sacra
697 1104 929 1157 reverterentur.
965 1096 1114 1174 Imprimis
1132 1098 1223 1175 igitur
1243 1097 1326 1158 Chri·

178 1204 289 1262 stianos
312 1203 418 1281 legisse
442 1221 622 1283 paganorum
646 1202 761 1264 libellos
785 1221 871 1263 nemo
895 1206 953 1262 iam
977 1202 1140 1264 mirabitur.
1176 1203 1327 1265 Habemus

177 1318 276 1369 autem
302 1321 486 1389 compertum
515 1329 676 1390 numquam
704 1313 915 1390 tergiversatos
943 1328 1008 1370 esse
1033 1309 1229 1391 Christianos,
1258 1329 1325 1370 cum

175 1416 209 1476 ad
231 1424 380 1477 certamen
400 1428 642 1497 provocarentur.
675 1419 775 1479 Altero
796 1420 873 1478 enim
892 1417 1010 1477 saeculo
1029 1416 1171 1496 apologiis
1185 1416 1326 1478 deiende-

174 1524 245 1584 bant
264 1526 396 1605 crimina,
419 1544 494 1603 quae
514 1525 550 1585 ab
569 1525 707 1592 omnibus
731 1528 762 1586 in
781 1544 832 1586 eos
856 1524 1096 1585 intendebantur.
1135 1523 1216 1594 Quae
1235 1542 1325 1603 pecu-

153 1631 297 1711 ¹liaribus
321 1632 404 1693 libris
433 1635 469 1692 iis
493 1632 712 1712 exprobrabant
740 1632 908 1713 philosophi
939 1631 1113 1710 propulsare
1137 1631 1327 1712 studuerunt,

175 1757 251 1818 quae
275 1742 476 1819 gravissimam
504 1739 622 1801 illorum
646 1740 799 1801 subierant
822 1740 1071 1818 vituperationem
1101 1756 1215 1799 summa
1238 1738 1324 1799 laude

174 1846 261 1926 digna
281 1866 347 1907 esse
362 1856 396 1908 ut
414 1848 606 1908 ostenderent
620 1855 699 1908 vasta
715 1850 959 1927 conscripserunt
978 1846 1135 1906 volumina.
1168 1846 1201 1906 ln
1216 1845 1326 1924 quibus

175 1973 241 2014 cum
258 1954 469 2015 adscribendae
485 1965 585 2016 essent
604 1974 655 2016 eae
674 1973 747 2033 quas
767 1954 897 2014 relutare
911 1952 1071 2014 voluerunt
1089 1953 1326 2014 adversariorum

175 2064 348 2143 sententiae,
371 2065 408 2122 iis
426 2065 499 2142 ipsis
523 2062 753 2124 refutationibus
773 2070 961 2122 conservatae
986 2070 1056 2122 sunt
1079 2061 1242 2140 permultae
1262 2061 1324 2121 illo-

174 2188 241 2230 rum
264 2170 407 2230 librorum
437 2169 589 2249 reliquiae.
626 2170 735 2230 Verum
760 2172 911 2230 enimvero
935 2171 1023 2229 etiam
1051 2169 1117 2228 illae
1141 2169 1325 2229 Christianae

174 2277 325 2356 religionis
348 2278 536 2338 defensiones
559 2278 718 2357 pleraeque
742 2280 911 2358 perierunt3
936 2295 1001 2337 nam
1027 2294 1095 2337 cum
1119 2277 1158 2336 ita
1183 2275 1323 2335 corrobo-

175 2386 231 2444 rati
256 2393 340 2444 erant
364 2385 537 2466 Christiani,
565 2393 598 2445 ut
625 2403 754 2464 paganos
782 2403 842 2444 non
867 2387 1020 2465 timerent,
1049 2385 1120 2462 quin
1144 2384 1233 2443 etiam
1257 2401 1326 2443 cum

173 2494 277 2570 pagani
312 2495 431 2552 omnino
460 2511 519 2553 non
553 2491 721 2572 exstabant,
754 2493 839 2552 cuius
870 2499 934 2552 tum
962 2493 1107 2551 intererat
1135 2507 1325 2571 cognoscere,

175 2598 282 2677 quibus
302 2618 338 2659 ex
362 2601 459 2659 causis
479 2599 515 2658 de
535 2601 680 2678 principio
702 2599 742 2659 illi
762 2606 951 2659 recusassent
970 2597 1168 2659 Christianam
1187 2597 1326 2676 amplecti

175 2703 369 2785 religionem?
801 2686 804 2690 ⁴

263 2813 341 2893 Ergo
362 2833 440 2875 nunc
455 2815 600 2894 agendum
622 2815 706 2875 uobis
727 2815 762 2874 de
782 2813 928 2892 theologis
943 2812 1126 2894 Christianis,
1146 2814 1197 2890 qui
1216 2813 1326 2873 refuta·

176 2930 283 2982 verunt
303 2920 394 2981 libros
408 2921 513 2982 luliani
532 2924 727 3002 imperatoris
761 2906 895 2992 Quorum
913 2922 1079 3000 principem
1099 2937 1165 2979 esse
1179 2914 1327 2998 Apolli-

173 3041 298 3089 narem
316 3023 564 3090 Laodicenum
579 3030 731 3089 contendit
745 3028 899 3088 Fabricius
914 3021 996 3096 (bibl.
1013 3026 1114 3087 Graec.
1131 3019 1183 3086 Vl4
1196 3045 1224 3106 p.
1237 3020 1327 3110 739),

178 3155 266 3215 quem
286 3143 407 3195 secutus
427 3143 472 3195 est
491 3135 653 3195 Teuffelius
673 3128 803 3216 (Pauly's
822 3133 1121 3213 Realencyclopaedie
1136 3133 1173 3193 lV
1192 3153 1220 3212 p.
1234 3128 1326 3215 416).

175 3244 264 3303 Teste
288 3251 386 3303 autem
411 3250 537 3302 utuntur
563 3242 739 3322 Sozomeno,
763 3244 815 3320 qui
837 3241 905 3303 hist.
930 3241 1001 3301 eccl.
1026 3240 1048 3296 V
1074 3238 1129 3322 18,
1157 3240 1184 3300 ll
1207 3260 1234 3320 p.
1260 3237 1325 3301 502

176 3351 220 3411 od.
240 3341 371 3432 Hussey)
392 3349 428 3409 de
448 3349 614 3429 Apollinare
635 3346 692 3410 οὐκ
711 3344 847 3426 ἀγεννὴτ
869 3347 913 3424 δὲ,
933 3351 1038 3431 inquit,
1057 3346 1107 3408 καὶ
1127 3346 1207 3424 πρὸ(
1227 3345 1327 3409 αὐτὸν

176 3457 233 3519 τὸν
270 3456 397 3535 βατιλέα
425 3454 496 3533 ἤτοι
524 3456 599 3519 τοὺ(
627 3453 708 3533 παρ>
729 3455 856 3531 “filino
885 3453 1085 3532 φιλοςόφου(
1113 3454 1196 3517 ἐττὶν
1227 3451 1327 3516 αὐτοῦ

177 3563 286 3640 λόγος,
311 3563 349 3626 ὃν
373 3562 454 3638 ὑπὲρ
478 3559 626 3639 ἀληθεία(
655 3562 854 3638 ἐπέγραψεν·
883 3560 918 3623 ἐν
948 3559 974 3641 ᾧ
1004 3561 1054 3623 καὶ
1083 3559 1156 3638 δίχα
1179 3564 1235 3638 τῆ(
1259 3563 1326 3624 τῶν

175 3669 271 3748 ἱερῶν
295 3668 403 3745 λόγων
434 3669 604 3748 μαρτυρία(
631 3668 751 3732 ἔδειξεν
770 3667 898 3730 ἀὐτοὺς
922 3664 1244 3746 ἀποβουκοληθένταε
1268 3673 1327 3732 τοῦ

176 3776 308 3839 δέοντο(
332 3777 404 3854 περὶ
428 3780 503 3841 θεοῦ
528 3780 671 3854 φρονεῖν.
712 3773 789 3838 τάδε
817 3774 878 3851 γὰρ
902 3772 1109 3840 ἐπιτωθάζων
1134 3772 1152 3836 ὁ
1183 3776 1327 3852 fictricis(

176 3887 244 3947 τοῑε
267 3881 341 3946 τότε
364 3884 591 3961 διαπρέπουειν
611 3881 792 3946 ἐπιεκόποιτ
811 3883 1006 3947 έπέετειλεν·
1030 3881 1186 3960 ἀνέγνων,
1211 3880 1326 3959 έγνων,

177 3992 350 4067 κατέγνων.
386 3992 462 4054 τοὺ(
486 3992 521 4054 δὲ
543 3991 624 4069 πρὸ(
646 3994 747 4054 ταῦτα
766 3989 972 4069 ἀντιγράψαι·
997 3988 1149 4067 ἀνέγνωτ,
1173 3986 1245 4052 ἀλλ’
1268 3988 1327 4052 οὐκ

177 4098 292 4176 ἔγνωτ’
321 4098 348 4162 εἰ
375 4097 436 4175 γὰρ
465 4095 580 4176 έγνωτ,
611 4096 670 4161 οὐκ
693 4096 732 4161 ἂν
755 4098 925 4173 κατέγνως.
964 4099 1050 4199 Sunt
1068 4098 1140 4157 haec
1169 4096 1326 4158 Sozomeni

174 4207 279 4285 rerba,·
304 4207 359 4267 sed
393 4207 541 4286 quomodo
573 4227 609 4268 ex
642 4210 678 4268 iis
712 4208 789 4268 ellici
819 4214 917 4285 potest
945 4207 1100 4285 scripsisse
1128 4203 1327 4283 Apollinarem

84 4244 265 4426 'lorum
286 4328 381 4406 suum
407 4316 462 4393 qui
481 4333 556 4411 pro·
569 4317 696 4380 veritate
720 4316 887 4396 inscriptus
906 4321 981 4397 erat,
1000 4322 1037 4374 nt
1056 4313 1202 4372 reiutaret
1222 4308 1328 4371 luliani
