2910 4688
638 252 730 322 Caput
747 253 767 307 l.

351 466 515 550 Digressio
540 466 578 533 de
601 468 708 533 aetate
731 468 864 534 Macarii
886 469 1054 551 Magnetis.

220 613 356 674 Ostendit
384 613 558 675 Theodorus
588 614 668 675 Zahn
703 619 951 677 commentatione
985 635 1038 676 sua
1071 616 1222 677 doctrinae
1249 625 1282 677 et

131 720 224 780 bonae
254 720 348 798 frugis
375 720 476 799 plena,
507 740 581 800 quae
610 729 706 781 exstat
734 723 764 781 in
788 720 921 800 Briegeri
949 722 1102 783 annalibus
1129 723 1281 784 historicis

132 827 341 889 ecclesiasticis
370 827 425 903 yol.
449 826 484 887 ll.
508 824 528 888 3
552 847 579 906 p.
598 822 664 888 452
680 845 743 906 sqq.
770 824 869 908 1878,
899 831 1043 908 scriptum
1072 847 1137 890 esse
1161 829 1282 894 Macarii

64 990 89 1021 a
131 935 275 1013 Magnetis
303 935 497 1012 apocriticum
521 936 600 994 circa
628 936 741 995 exitum
771 934 881 995 saeculi
905 938 1010 1014 quarti.
1046 936 1150 1014 Neque
1173 938 1282 998 iniuria

132 1043 215 1123 dicit,
239 1044 265 1102 si
283 1041 468 1121 exploratum
487 1049 566 1101 esset
584 1048 712 1122 tempus,
736 1060 794 1119 quo
814 1039 944 1120 Babylon
963 1041 1151 1122 Assyriorum
1171 1051 1281 1104 metro·
1389 1090 1395 1097 .

131 1149 207 1230 polis
235 1168 251 1208 a
279 1147 379 1209 Persis
407 1157 518 1210 vastata
546 1158 638 1230 esset,
671 1149 735 1208 fore
764 1156 797 1209 ut
830 1157 961 1210 statuere
988 1153 1152 1232 possimus,
1179 1159 1290 1212 utrum>

132 1259 211 1316 circa
230 1274 339 1316 annum
360 1251 425 1316 390
443 1274 479 1315 an
499 1253 565 1316 410
588 1254 680 1315 libros
699 1273 770 1315 suos
788 1255 932 1316 Macarius
952 1259 1172 1337 conscripserit.
1206 1257 1281 1318 Nam

132 1363 168 1423 de
192 1362 347 1442 Babylonis
371 1365 533 1423 vastatione
556 1363 761 1423 recentissima
785 1364 844 1440 egit
867 1362 1012 1423 Macarius
1034 1363 1072 1423 Vl
1094 1361 1132 1425 11
1157 1384 1186 1443 p.
1207 1361 1281 1446 170,

135 1468 176 1531 10
190 1488 267 1550 sqq:
291 1468 381 1545 μέχρι
404 1470 461 1530 τοῦ
485 1471 544 1530 νῦν
571 1467 708 1544 βαςιλικὴ
733 1469 799 1528 τῶν
819 1463 986 1545 Ἀςςυρίων
1012 1467 1207 1546 μητρόπολις
1229 1469 1283 1545 γέ-

130 1596 228 1653 γονεν
252 1576 271 1654 ἡ
295 1575 474 1652 καλουμένη
500 1574 663 1652 Βαβυλὼν,
688 1572 893 1637 ὀκτακοςίους
917 1573 969 1636 καὶ
992 1576 1192 1654 πεντήκοντα
1210 1595 1281 1639 ςτα-

132 1682 219 1746 δίοος
242 1683 279 1746 ἐν
302 1681 407 1765 κύκλῳ
430 1684 659 1761 περιβαλοῦςα,
694 1678 755 1744 εἴτ’
779 1681 832 1744 ἐπὶ
861 1682 1062 1760 πεντήκοντα
1091 1683 1202 1762 πήχεις
1223 1686 1285 1746 τοῦ

132 1788 304 1868 περιβόλου
328 1789 365 1852 τὸ
389 1787 511 1852 πλάτος
535 1779 709 1867 eduorum}
729 1780 786 1851 ικαὶ
809 1787 987 1852 διακοςίους
1009 1788 1061 1851 καὶ
1083 1790 1285 1869 πεντήκοντα

69 1948 71 1953 .
116 1895 169 1959 .τὸ
192 1895 277 1974 ὕψος
299 1895 455 1974 ἑπάραςα,
480 1893 602 1975 ἄμαχός
625 1915 671 1958 τις
695 1894 773 1958 orico
797 1894 847 1958 καὶ
867 1893 1051 1974 ἀνάλωτος,
1077 1848 1299 1975 accreverat<

45 1986 75 2036 '⁶'
132 1999 231 2087 tum)
256 2005 390 2080 Περςῶν
415 2003 612 2082 ἐρημωθεῖςα
635 2000 705 2066 οὐδ’
726 2000 817 2079 ἴχνος
841 2006 897 2081 τῆς
920 2005 1058 2066 παλαιᾶς
1081 1990 1285 2082 εὐδαιμονίας

133 2111 232 2177 ςώῑει.
269 2114 330 2174 lam
348 2132 418 2173 vero
437 2112 567 2193 Babylon
587 2121 650 2173 erat
669 2112 798 2194 deserta,
816 2119 974 2192 postquam
994 2131 1010 2172 a
1029 2112 1154 2174 Traiano
1173 2119 1285 2174 vastata

134 2230 179 2283 est
198 2229 227 2282 et
246 2220 282 2282 ab
301 2217 411 2281 Avidio
430 2219 530 2280 Cassio
555 2219 688 2280 lunditus
708 2237 825 2300 eversa3
849 2219 994 2292 Macarius
1013 2227 1111 2280 antem
1132 2237 1186 2281 suo
1209 2225 1283 2280 tem·

133 2347 205 2408 pore
229 2327 333 2388 urbem
358 2328 394 2387 de
419 2345 476 2406 qua
500 2329 560 2406 egit
582 2327 711 2388 dirutam
735 2345 800 2387 esse
829 2325 950 2387 tradidit
973 2345 1070 2406 neque
1095 2344 1111 2387 a
1134 2325 1284 2407 Romanis,

134 2435 185 2496 sed
210 2454 226 2493 a
248 2433 356 2494 Persis.
394 2433 475 2504 Quae
495 2452 563 2494 cum
586 2435 627 2494 ita
646 2435 714 2515 sint,
738 2432 913 2493 statuendus
933 2441 978 2494 est
1002 2433 1172 2494 confudisse
1191 2431 1284 2512 Raby-

134 2543 232 2602 lonem
255 2550 285 2602 et
304 2540 526 2620 Ctesiphontem
550 2540 690 2619 loquendi
710 2559 792 2600 more
812 2539 965 2601 adductus.
1004 2539 1165 2620 Ctesiphon
1185 2547 1285 2600 autem

134 2648 293 2709 Persarum
322 2656 410 2727 caput
438 2647 577 2708 aPersis
607 2649 714 2708 vastari
742 2665 802 2707 non
830 2649 926 2726 potuit
956 2649 1013 2708 nisi
1043 2656 1109 2708 orto
1136 2646 1214 2708 bello
1240 2648 1286 2707 iu·

135 2758 253 2816 tostino.
290 2754 352 2815 lam
371 2773 441 2815 vero
464 2753 537 2814 baec
561 2756 754 2816 inveniuntur
778 2754 855 2834 apud
877 2755 960 2834 burri
982 2753 1225 2833 interpolatorem
1248 2753 1286 2814 de

135 2864 251 2924 Achaeo
267 2861 466 2942 Ctesiphontis
486 2865 624 2941 episcopo
640 2857 808 2943 (Assemaui
827 2860 897 2921 bibl.
916 2863 1021 2922 orient.
1036 2858 1109 2921 llll
1130 2879 1159 2940 p.
1170 2853 1287 2943 369a):

137 2968 297 3031 ‘Achaeum
327 2968 517 3047 lendegerdes
546 2967 689 3047 singulari
720 2968 925 3029 benevolentia
955 2966 1219 3047 complectebatur,
1256 2976 1287 3029 et

135 3075 233 3157 paullo
266 3084 334 3155 post
366 3083 549 3154 assumptum
579 3057 780 3154 episcopatum
808 3077 839 3134 iu
866 3074 1017 3135 Persidem
1047 3093 1114 3136 eum
1143 3073 1288 3152 ablegavit

137 3183 171 3244 ad
193 3181 395 3260 componenda
414 3181 556 3260 quaedam
577 3184 674 3260 magni
697 3183 840 3242 momenti
859 3180 993 3261 dissidia,
1013 3199 1088 3261 quae
1111 3182 1169 3260 ipsi
1188 3179 1288 3241 leade-

138 3289 220 3369 gerdi
240 3307 308 3348 cum
328 3287 438 3348 Biburo
458 3289 577 3368 Saporis
597 3281 689 3366 lilio²l
708 3306 822 3367 suoque
842 3305 983 3366 germano
1002 3288 1134 3349 Persidis
1151 3289 1287 3367 principe

139 3402 330 3458 emerserant.
378 3394 449 3455 llluc
477 3397 576 3473 itaque
606 3395 757 3473 proiectus
791 3393 924 3454 Achaeus
958 3397 1109 3473 negotium
1141 3412 1195 3473 pro
1228 3411 1289 3472 quo

139 3505 252 3583 legatus
281 3503 391 3582 fuerat,
417 3520 460 3561 en
488 3503 634 3562 sententia
663 3496 830 3580 expedivit'.
874 3500 1039 3581 Episcopus
1068 3509 1165 3563 autem
1194 3501 1287 3563 Ctesi-

138 3611 259 3691 phontis
278 3617 342 3669 erat
355 3608 489 3669 Achaeus
509 3607 545 3669 ab
563 3627 639 3668 anno
659 3605 722 3668 411
744 3626 839 3686 usque
860 3608 895 3668 ad
915 3626 1025 3669 aunum
1045 3605 1111 3670 416
1130 3605 1180 3686 (cl.
1200 3607 1287 3668 Asse-

140 3720 219 3778 mani
246 3715 327 3778 1111
357 3737 384 3797 p.
409 3709 588 3798 369a111);
620 3718 720 3794 itaque
753 3734 812 3775 non
849 3714 941 3775 multo
974 3724 1042 3795 post
1078 3733 1187 3778 annum
1220 3711 1286 3775 411

141 3825 286 3904 legatione
310 3825 429 3885 iunctus
449 3832 502 3885 est.
539 3823 611 3884 lnde
631 3816 836 3904 autem‚'quod
856 3840 933 3883 anno
954 3821 1019 3883 410
1040 3821 1170 3901 synodus
1189 3819 1289 3882 habita

143 3966 356 3976 ---.--—--—

112 4097 120 4105 ,
214 4036 239 4101 1)
259 4034 288 4088 δ’
307 4031 371 4088 ante
391 4033 446 4086 ὑπὸ
465 4030 563 4086 adieci.

213 4123 240 4191 2)
260 4121 311 4176 Cui
328 4139 384 4177 non
402 4121 506 4176 Bihuro
526 4136 626 4174 nomen
649 4121 747 4188 fuisse,
773 4119 821 4175 sed
840 4119 974 4174 Behwaro
998 4118 1044 4173 vel
1063 4117 1216 4173 Bebbddho
1240 4119 1290 4173 ad·

134 4210 251 4263 notarit
263 4210 410 4264 Noeldeke
429 4229 454 4264 v.
470 4208 520 4276 ill,
540 4207 706 4263 Geschichte
725 4208 775 4262 der
788 4208 885 4263 Pereat
903 4207 960 4261 und
974 4207 1082 4263 Araber
1100 4225 1147 4260 zur
1162 4206 1223 4262 Zeit
1240 4207 1291 4262 der

115 4293 288 4349 Sasamkien.
336 4299 398 4353 Ans
426 4299 480 4354 der
505 4299 683 4356 Arabiscben
713 4296 840 4355 Chronilr
866 4297 915 4353 des
940 4296 1047 4352 ‘labari
1072 4297 1213 4352 iibersetat
1235 4297 1289 4352 etc.

92 4373 220 4440 Mydon
240 4387 319 4436 1879
333 4403 364 4454 ρ.
391 4393 424 4443 75
446 4390 514 4447 adn.
536 4411 566 4464 p.
587 4398 667 4450 436a
688 4392 754 4453 adn.
778 4395 823 4448 10.
