2910 4688
517 207 558 282 De
577 205 678 261 Iuliani
696 205 831 261 librorum
849 205 923 260 fatis.
1254 203 1294 266 11

146 371 289 435 libros?
325 374 403 435 Num
424 376 512 434 etiam
531 383 654 435 censent
677 370 751 450 δίχα
774 375 829 449 τῆ(
848 375 913 434 τῶν
936 369 1033 448 ἱερῶν
1057 368 1165 446 λόγων
1185 390 1299 447 μαρτυ-

148 478 217 557 ρία(
245 480 340 541 refelli
367 482 499 560 potuisse
524 480 641 540 Iuliani.
657 483 686 540 in
712 480 896 540 Christianos
925 482 1142 559 accusationes,
1173 496 1298 556 quarum

146 587 299 668 plerisque
315 586 557 666 vituperabantur
573 606 673 648 sacrae
689 589 853 666 scripturae
869 582 1042 647 enuntIata'?
1070 586 1173 664 Neque
1188 593 1299 664 tempo·

148 713 216 755 rum
249 696 325 754 ratio
358 694 473 754 videtur
507 712 572 754 esse
605 693 794 773 neglegenda.
835 693 893 754 Per
926 693 1085 754 hibernum
1119 695 1196 753 enim
1230 695 1299 753 anni

148 794 290 882 362s363
309 782 426 880 tempus
446 820 520 880 opus
535 820 621 862 suum
642 821 799 881 aggressus
819 810 863 862 est
882 804 1051 883 imperator,
1072 807 1102 860 et
1121 818 1297 879 quamquam

149 929 173 970 a.
192 910 220 970 d.
239 908 313 969 VIII.
332 907 393 968 IIal.
413 907 465 969 Iul.
486 928 509 968 a.
526 906 590 969 363
611 928 782 988 supremum
804 908 881 969 diem
905 909 986 988 obiit,
1010 916 1095 968 antea
1114 909 1171 967 iam
1191 907 1298 985 legisse

148 1017 325 1078 statuendus
357 1024 403 1075 est
430 1015 606 1094 Apollinaris
638 1017 856 1076 refutationem.
903 1015 947 1075 En
987 1017 1089 1075 miram
1123 1013 1299 1093 Apollineus

150 1114 376 1185 festinationem.
415 1123 506 1183 Cuius
529 1123 639 1183 librum
666 1142 791 1183 revera
820 1123 890 1202 legit
918 1125 1092 1204 imperator,
1121 1141 1187 1181 uam
1212 1139 1299 1181 causa

150 1249 210 1290 non
239 1237 285 1290 est
312 1247 366 1289 cur
393 1229 563 1290 dubitemus
591 1231 627 1290 de
661 1230 758 1310 lepido
782 1229 832 1289 illo
860 1230 952 1310 dicto,
981 1229 1058 1307 quod
1086 1231 1205 1308 ingenio
1235 1231 1299 1288 eius

150 1338 271 1396 minime
295 1344 448 1415 repugnat.
482 1337 679 1398 Dubitandum
705 1356 774 1397 sane
795 1345 839 1397 est
858 1337 895 1396 de
915 1339 1121 1416 episcoporum
1145 1354 1298 1414 responso.

150 1442 215 1502 Non
235 1442 301 1503 dico
326 1462 385 1503 uon
404 1463 530 1505 ausiuos
550 1446 641 1506 luisse
663 1448 817 1525 episcopos
836 1452 895 1505 tam
910 1444 1099 1522 impudenter
1118 1443 1298 1522 respendere

150 1553 335 1631 imperatori3
364 1570 460 1630 neque
489 1554 519 1612 in
548 1571 581 1612 ea
610 1571 641 1612 re
667 1552 797 1632 offendo,
826 1551 903 1631 quod
935 1551 1117 1610 Sozomenus
1144 1554 1301 1611 memoriae

150 1652 313 1740 prodidit¹)
337 1666 493 1738 procerte
517 1660 657 1719 affirmari
682 1679 739 1719 nou
759 1679 855 1740 posse,
879 1661 945 1738 quis
970 1661 1172 1738 composuerit
1190 1661 1300 1738 epistu-

151 1766 221 1846 lam3
244 1767 276 1825 in
295 1784 352 1844 qua
372 1784 409 1825 ne
431 1769 529 1844 potuit
547 1767 666 1845 quidem
686 1769 816 1828 auctoris
837 1785 943 1827 nomeu
963 1767 1075 1847 afferri,
1100 1784 1167 1826 cum
1192 1766 1316 1845 scripta'

152 1890 217 1932 esse
241 1872 396 1933 statuenda
415 1881 495 1933 esset
513 1873 674 1934 multorum
695 1876 903 1953 episcoporum
928 1875 1054 1932 nomine.
1094 1872 1301 1938 Gravissimam

152 1989 251 2041 autem
279 1988 376 2040 movet
408 1979 636 2062 dubitationem,
665 1979 743 2059 quod
777 1980 828 2041 ubi
856 1980 892 2039 de
922 1979 1026 2041 Iuliani
1055 1980 1179 2058 epistula
1213 1980 1301 2040 verba

152 2088 221 2147 iacit
246 2088 440 2168 Sozomenus,
463 2089 613 2150 indicativi
636 2089 729 2148 forma
753 2091 848 2150 utitur
872 2084 906 2166 (b
930 2086 1072 2165 βαειλεὺ(
1099 2121 1137 2130 -—
1163 2085 1300 2150 ἐπέῑτει-

152 2189 237 2276 λεν);
267 2197 474 2275 episcoporum
499 2204 599 2256 autem
626 2199 761 2256 meminit
783 2198 919 2275 responsi
943 2197 1109 2256 accusativo
1134 2213 1206 2256 usus
1232 2215 1300 2257 eon-

152 2305 253 2363 iuncto
282 2321 349 2362 cum
378 2304 522 2363 infinitivo
552 2297 642 2383 (robe
667 2300 701 2363 δὲ
731 2301 811 2377 πρὸ(
834 2304 934 2363 ταῦτα
963 2294 1180 2385 ἀντιγράψαι).
1222 2303 1301 2381 Ergo

151 2412 214 2489 ipse
234 2411 347 2469 veritus
367 2418 412 2469 est
436 2428 472 2469 ne
492 2418 604 2470 temere
624 2413 832 2489 pronuntiaret
855 2409 891 2470 de
915 2428 948 2469 re
970 2429 1013 2491 ea,
1037 2411 1072 2469 de
1093 2429 1149 2489 qua
1170 2430 1206 2470 ne
1230 2419 1302 2471 tunc

153 2515 272 2594 quidem
297 2518 367 2576 satis
392 2525 548 2577 constaret..
592 2518 651 2577 Iam
674 2536 744 2577 vero
764 2519 911 2577 exstitisse
932 2535 966 2576 eo
991 2526 1124 2596 tempore
1149 2520 1300 2597 episcopo-

152 2642 219 2684 rum
239 2622 393 2702 epistulam
413 2624 497 2703 plane
517 2633 639 2703 apparet
658 2643 692 2685 ex
714 2623 869 2684 Sozomeni
888 2623 1000 2685 verbis:
1024 2619 1099 2684 ἀλλ’
1119 2621 1182 2685 εἴτε
1202 2621 1301 2686 αὐτοῦ

152 2727 216 2792 εἴτε
241 2726 342 2792 ἄλλου
366 2727 466 2792 ταῦτά
492 2730 587 2808 ἐςτιν,
616 2727 748 2805 dracena
772 2728 894 2793 δίκαιον
922 2728 1070 2808 ἀνδρεία(
1098 2730 1149 2793 καὶ
1172 2730 1301 2793 παιδεύ-

153 2857 231 2900 ceute
250 2837 308 2900 τὸν
327 2835 506 2915 γράψαντα.
544 2839 647 2918 Neque
666 2842 744 2898 enim
764 2843 861 2918 potuit
879 2839 998 2899 laudare
1018 2838 1225 2920 eruditionem,
1245 2842 1301 2900 nisi

153 2954 203 3007 aut
226 2949 290 3026 ipse
314 2946 426 3025 legerat
449 2966 512 3006 eam
535 2953 586 3006 aut
609 2947 634 3005 is
654 2964 742 3024 quem
767 2955 917 3007 auctorem
942 2946 998 3006 hoc
1021 2947 1086 3005 loco
1107 2956 1227 3007 secutus
1246 2956 1300 3008 est.

153 3053 235 3126 Quae
255 3071 323 3114 cum
347 3056 387 3113 ita
410 3056 478 3135 sint,
502 3055 616 3113 conicio
636 3055 837 3131 composuisse
862 3060 964 3131 postea
984 3054 1139 3131 episcopos
1159 3054 1301 3131 quosdam

153 3160 309 3240 epistulam
333 3168 363 3220 et
387 3162 505 3220 finxisse
529 3179 563 3220 ea
586 3179 619 3220 re
643 3178 767 3220 vera-se
796 3161 967 3239 imperatori
992 3161 1194 3242 respondisse,
1225 3179 1300 3239 quae

153 3271 179 3329 si
194 3267 426 3349 respondissent,
441 3284 563 3328 suerum
578 3266 782 3346 proculdubio
796 3266 1059 3327 habituriIuerunt
1071 3267 1302 3328 admirationem.

242 3376 345 3455 Neque
370 3394 439 3435 vero
464 3383 575 3434 temere
605 3392 659 3434 nos
689 3393 812 3453 negasse
836 3375 942 3435 Iuliani
969 3373 1059 3433 libros
1084 3375 1300 3454 impugnavisse

153 3482 351 3563 Apollinarem
372 3484 458 3542 etiam
479 3483 571 3559 magis
589 3481 751 3561 apparebit,
770 3484 795 3542 si
819 3484 1051 3561 spectaverimus
1070 3501 1126 3560 qua
1146 3486 1300 3543 occasione

153 3589 222 3650 llbri
245 3591 298 3667 qni
321 3607 374 3667 pro
399 3591 521 3648 veritate
545 3588 763 3649 inscribebatur
786 3592 965 3650 mentionem
986 3591 1091 3650 lecerit
1111 3589 1300 3650 Sozomenus.

153 3697 330 3756 Narraverat
353 3703 452 3754 autem
475 3694 712 3755 duodevicesimo
737 3698 832 3774 quinti
856 3695 923 3755 libri
947 3697 1041 3775 eapite
1064 3694 1300 3756 Christianorum

154 3822 215 3884 coe,
239 3805 289 3881 qui
309 3801 429 3862 Graecis
452 3803 560 3863 litteris
583 3822 770 3883 summopere
795 3804 957 3885 studerent,
981 3806 1152 3881 gravissime
1176 3805 1301 3864 afllictos

154 3927 220 3970 esse
243 3907 348 3968 Iuliani
370 3908 434 3987 lege
457 3904 495 3992 (a.
515 3911 541 3970 d.
561 3909 620 3970 XV.
639 3909 700 3971 IIal.
720 3909 772 3970 Iul.
792 3929 815 3969 a.
836 3906 899 3971 362
919 3906 1007 3991 data),
1031 3931 1067 3971 ne
1091 3910 1195 3971 liceret
1218 3911 1300 3972 Chri·

155 4017 258 4076 stianis
287 4015 413 4075 Graecas
442 4016 556 4078 litteras
584 4020 714 4099 edoceri;
750 4037 875 4097 quarum
904 4038 938 4079 eo
972 4028 1104 4099 tempore
1138 4022 1214 4079 inter
1246 4018 1301 4078 bos

227 4175 253 4240 1)
272 4173 346 4227 Eccl.
366 4173 431 4227 hist.
450 4173 475 4227 V
496 4180 529 4228 18
547 4173 585 4242 (II
604 4192 630 4243 p.
651 4178 702 4228 503
723 4174 764 4229 ed.
785 4175 916 4244 Hussey):
950 4174 996 4229 elei
1016 4176 1046 4229 δὲ
1065 4142 1239 4243 ornacula
1258 4181 1299 4243 τῷ

154 4263 294 4333 προετάτῃ
314 4267 365 4329 τῆς
385 4264 576 4317 Καππαδοκῶν
600 4263 740 4332 &reluctat
761 4265 867 4333 ταύτην
892 4268 945 4333 elur
970 4266 1117 4329 enecentur
1137 4264 1308 4314 bononem

154 4352 198 4404 uui
216 4352 268 4404 οὐκ
284 4353 401 4407 ἀπεικός.
