2910 4688
167 183 207 245 12
671 185 762 254 Caput
780 187 800 239 l.

164 352 289 410 maxime
314 351 462 412 studiosos
491 353 583 412 fuisse
607 371 674 412 cum
698 353 838 413 Basilinm
862 360 892 412 et
916 353 1091 432 Gregorium
1116 352 1315 434 Cappadoces,

165 466 227 518 tum
251 459 449 538 Apollinarem
474 459 681 521 Laodicenum.
718 461 822 540 Atque,
838 461 917 521 hunc
941 461 1060 539 quidem
1084 461 1133 521 illa
1158 461 1223 540 lege
1247 479 1314 540 per·

164 576 285 650 motum,
310 579 343 628 ut
366 571 539 630 restitueret
562 570 788 649 detrimentum,
812 569 968 630 consilium
992 571 1107 648 cepisse
1132 571 1254 629 materia
1278 587 1315 629 ex

163 677 256 734 sacris
279 675 363 735 libris
386 675 560 755 deprompta
589 675 707 735 heroica
732 676 861 735 carmina
885 675 1045 756 pangendi,
1072 674 1194 736 Pindari
1221 676 1315 756 lyram

164 781 305 862 imitandi,
325 784 501 861 quinetiam
515 782 668 843 Menandri
688 782 855 843 comoedias
874 777 1081 864 superandi¹);
1103 802 1199 862 neque
1215 785 1315 844 minus

164 891 318 968 scripsisse
343 898 445 950 contra
466 889 610 951 lulianum
634 893 843 970 imperatorem
867 898 897 950 et
916 889 1097 950 Graecorum
1121 890 1315 970 philosophos

164 994 271 1056 librum
302 1000 353 1074 qui
381 1015 435 1076 pro
463 1000 587 1058 veritate
619 997 843 1059 inscriberetur.
881 996 1008 1058 [lobium
1038 999 1129 1076 igitur
1157 1016 1223 1057 esse
1256 1017 1315 1058 non

163 1111 271 1183 potest,
290 1106 362 1182 quin
381 1106 470 1164 etiam
489 1104 578 1165 huius
598 1104 688 1165 libelli
707 1104 914 1166 conscribendi
935 1123 1022 1165 causa
1042 1106 1191 1166 exstiterit
1206 1103 1315 1184 Apolli·

163 1213 227 1270 nari
242 1210 287 1270 lex
306 1211 354 1270 illa
371 1230 459 1290 supra
474 1207 743 1294 commemorata2).
778 1212 871 1283 erem
887 1215 912 1272 si
932 1212 1154 1273 consideramus
1169 1213 1315 1290 scriptum

164 1336 230 1378 esse
254 1337 314 1378 non
338 1319 392 1379 soli
415 1320 541 1401 Iuliano,
566 1321 616 1381 sed
641 1323 729 1381 etiam
754 1321 817 1381 aliis
837 1320 1017 1381 Graecorum
1040 1320 1234 1402 philosophis,
1264 1324 1316 1399 qui

165 1444 231 1486 cum
257 1445 272 1485 a
297 1429 419 1487 veritate
439 1427 628 1488 aberrassent
647 1447 680 1488 ea
700 1446 774 1506 quae
798 1445 857 1487 non
877 1427 997 1489 deceret
1020 1427 1056 1487 de
1077 1426 1137 1489 Deo
1157 1431 1315 1510 sentirent,

165 1527 343 1615 deperditi3)
368 1533 435 1594 libri
455 1536 680 1613 argumentandi
703 1537 848 1596 rationem
868 1553 954 1594 nemo
978 1553 1037 1594 non
1055 1542 1155 1614 potest
1174 1535 1316 1616 divinare,

164 1642 214 1718 qui
234 1641 364 1719 paullum
381 1642 467 1702 modo
482 1651 616 1704 versatus
631 1647 669 1703 sit
689 1646 718 1703 in
734 1644 790 1703 hoc
804 1643 970 1704 litterarum
985 1661 1103 1721 genere.
1138 1641 1316 1703 Inhonestos

142 1754 228 1808 'esse
252 1758 282 1809 et
307 1758 410 1827 turpes
434 1750 470 1810 de
495 1750 603 1829 quibus
626 1757 731 1830 poetae
755 1756 878 1829 agerent
900 1748 1024 1808 deorum
1048 1767 1161 1830 mores,
1185 1750 1315 1829 philoso-

164 1855 290 1934 phorum
311 1865 409 1917 autern
429 1865 568 1936 quantam
588 1877 653 1918 esse
676 1853 905 1918 dissensionem!
943 1854 1071 1914 Inveniri
1095 1872 1164 1916 sane
1188 1857 1219 1915 in
1243 1874 1316 1916 non·

166 1961 314 2023 nullorum
338 1964 582 2044 philosophorum
606 1967 726 2044 scriptis
749 1964 842 2024 bonas
866 1962 1007 2042 quasdam
1032 1965 1194 2023 sententias
1218 1981 1316 2041 neque

165 2071 348 2153 abiciendas3
376 2091 426 2132 eas
455 2082 552 2134 autem
577 2074 766 2152 depromptas
790 2088 855 2131 esse
880 2088 985 2130 omnes
1015 2089 1049 2130 ex
1073 2070 1162 2129 llosis
1186 2071 1316 2148 scriptis,

166 2197 254 2256 quem
269 2181 482 2258 antiquissimis
502 2182 593 2240 inissa
614 2177 798 2257 temporibus
813 2186 843 2237 et
860 2184 955 2237 aetate
974 2175 1060 2253 longe
1079 2177 1192 2235 anteire
1213 2193 1316 2236 omnes

166 2285 345 2346 Graecorum
370 2295 400 2346 et
423 2293 525 2367 poetas
545 2296 574 2347 et
597 2284 789 2366 philosophos
813 2286 883 2344 satis
903 2266 1061 2370 constarqt.
1099 2280 1184 2351 Quod
1208 2264 1235 2340 si
1259 2289 1315 2342 sta-

165 2396 276 2453 tuimus
301 2394 392 2454 luisse
411 2395 502 2455 libelli
527 2403 743 2473 argumentum,
767 2394 823 2451 iarn
849 2408 927 2450 nunc
947 2386 1146 2466 intellegimus
1166 2388 1316 2466 quomodo

166 2502 230 2560 sieri
258 2504 401 2582 potuerit,
430 2510 462 2562 nt
490 2504 520 2561 in
545 2520 580 2561 eo
610 2518 709 2560 sacrae
734 2500 900 2577 scripturae
929 2496 986 2556 loci
1013 2511 1072 2554 non
1101 2494 1316 2554 invenirentur.

166 2609 237 2669 Nam
263 2612 350 2669 etiam
370 2618 403 2670 ut
422 2610 512 2669 llosis
531 2615 657 2669 aetatem
677 2608 766 2666 certis
786 2604 894 2665 finibus
914 2599 1205 2680 circumscriberent,
1225 2600 1315 2661 Grae-

166 2735 268 2776 corum
293 2716 526 2796 chronographis
550 2714 710 2776 utebantur
734 2713 901 2773 Christiani.
942 2709 1018 2768 Huic
1046 2710 1137 2786 igitur
1160 2706 1259 2768 libello
1284 2717 1317 2768 ut

166 2825 360 2903 responderet
390 2825 472 2886 dedit
498 2823 628 2883 lulianus
657 2821 813 2901 epistulam
842 2837 924 2879 suam
959 2816 993 2875 ad
1026 2817 1235 2895 episcoporum
1265 2834 1316 2875 eos

166 2933 218 3009 qni
241 2934 366 2991 maxime
390 2934 468 2991 inter
492 2939 609 2991 ceteros
633 2927 824 2989 excellebant.
861 2925 964 2985 Exstat
988 2931 1085 2982 autem
1106 2924 1170 2982 eius
1190 2922 1317 3002 epistula

166 3037 201 3097 ad
222 3037 362 3098 Basiliam
386 3039 452 3099 data
474 3042 551 3098 inter
572 3036 713 3117 epistulas
732 3034 831 3095 Basilii
850 3032 1073 3113 quadragesima
1093 3023 1207 3103 (Basilii
1226 3048 1318 3109 opera

166 3146 210 3204 ed.
239 3144 388 3206 benedict.
421 3145 461 3205 lll
487 3142 563 3226 123)
597 3148 627 3205 in
661 3146 746 3204 cuius
784 3142 841 3201 tine
873 3140 1065 3200 inveniuntur
1104 3135 1192 3196 verba
1225 3133 1316 3211 &bl

168 3249 328 3328 ἀνέγνων,
363 3250 468 3325 ἔγνων
501 3251 552 3313 καὶ
584 3251 761 3326 κατέγνων,
797 3267 871 3328 quae
900 3265 968 3307 cum
1001 3243 1092 3305 rebus
1126 3247 1156 3304 in
1190 3242 1317 3322 epistula

167 3364 299 3422 tractatis
328 3363 447 3421 minime
476 3360 643 3420 cohaerent.
682 3359 763 3429 Quae
792 3359 852 3416 sive
883 3355 982 3433 spuria
1007 3362 1052 3412 est
1080 3354 1141 3411 sive
1165 3370 1180 3411 a
1203 3350 1317 3410 Iuliano

168 3488 227 3528 non
251 3468 456 3529 abiudioanda:
488 3486 562 3547 quae
591 3467 678 3527 modo
707 3464 791 3525 attuli
818 3461 907 3522 verba
932 3478 1000 3520 cum
1024 3477 1082 3518 non
1111 3461 1317 3520 invenirentur

242 3698 267 3761 1)
287 3694 367 3747 Unde
391 3692 508 3746 efficitur
533 3691 676 3761 scripsisse
701 3690 798 3742 contra
822 3686 959 3740 lulianum
979 3683 1170 3753 Apollinarem
1193 3684 1317 3752 patrem,

168 3802 231 3839 eum
247 3784 319 3837 enim
335 3783 472 3852 poematis
488 3780 695 3836 conscribendis
710 3777 858 3843 studuisse,
878 3775 967 3829 filium
983 3774 1081 3828 contra
1096 3772 1141 3826 cui
1154 3789 1210 3827 non
1224 3772 1317 3826 minus

168 3891 269 3929 nomen
294 3875 354 3926 erat
377 3871 533 3942 Apollinari
556 3870 701 3924 Platonem
724 3865 868 3919 imitatum
897 3863 1045 3934 evangelia
1068 3864 1097 3916 et
1125 3862 1317 3932 apostolorum

170 3966 305 4036 dogmata
320 3964 347 4018 in
363 3964 538 4034 dialogorum
552 3962 670 4016 formam
684 3957 824 4027 redegisse
839 3957 937 4010 auctor
952 3956 994 4008 est
1005 3952 1133 4007 Socrates
1147 3954 1174 4007 h.
1185 3969 1208 4008 e.
1224 3952 1264 4005 ΙΙΙ
1275 3960 1317 4008 16.

241 4058 269 4126 2)
288 4056 371 4109 Haud
389 4053 492 4107 iniuria
509 4051 595 4121 igitur
614 4048 797 4118 Theophanes
815 4063 880 4116 pag.
901 4050 947 4112 74,
968 4050 982 4097 5
1002 4061 1062 4112 sqq.
1082 4043 1125 4097 ed.
1145 4043 1245 4109 Bonn,
1269 4043 1318 4111 qui

168 4148 222 4200 hoc
241 4145 303 4201 loco
317 4147 367 4200 aut
381 4145 442 4214 ipso
458 4142 610 4196 Sozomeno
629 4138 719 4195 utitur
738 4139 787 4192 aut
800 4154 835 4191 ex
849 4136 947 4191 eodem
962 4137 1046 4203 atque
1064 4132 1113 4187 ille
1128 4131 1222 4186 haurit
1239 4130 1317 4187 fonte

168 4236 341 4304 Apollinaris
354 4233 457 4288 librum
472 4232 604 4300 scriptum
616 4247 676 4285 esse
691 4227 790 4284 statuit
804 4245 828 4282 a.
840 4226 938 4281 mundi
948 4230 1027 4292 5854,
1041 4223 1058 4277 i.
1070 4240 1093 4277 e.
1104 4240 1128 4278 a.
1140 4241 1166 4292 p.
1178 4222 1206 4277 G.
1218 4240 1244 4278 n.
1256 4227 1317 4276 362.

223 4321 450 4384 3)]t⁷1'lmr'rom
468 4320 589 4392 periisse
608 4317 782 4392 Apollinaris
800 4317 903 4372 librum
922 4314 1142 4369 haeresiarchae.
