2910 4688
636 895 756 991 Caput
782 894 808 969 I.

146 1046 193 1114 Ile
221 1045 303 1114 latis
335 1044 500 1115 librorum
527 1045 653 1115 Iuliani
685 1045 901 1133 imperatoria
916 1013 918 1015 ‚
935 1046 1053 1114 contra
1085 1045 1294 1116 Christianos

613 1170 824 1259 scriptorum.

194 1366 196 1369 ·
238 1347 382 1407 lulianum
393 1349 602 1426 imperatorem
616 1349 645 1406 in
657 1345 891 1406 Christianorum
903 1350 1139 1407 communionem
1150 1347 1295 1427 baptismo

147 1462 301 1533 receptum
322 1473 387 1514 esse
407 1457 520 1514 exstitit
540 1473 634 1534 nuper
654 1456 705 1533 qui
728 1463 850 1531 negaret
868 1453 1006 1515 Alionsus
1023 1454 1155 1515 Mucclre.
1189 1455 1246 1526 Qui
1265 1458 1295 1515 in

147 1563 221 1622 vitae
260 1561 362 1622 luliani
399 1538 539 1623 fasciculo
569 1561 661 1621 altero
694 1581 722 1641 p.
752 1559 794 1622 70
829 1569 916 1640 negat
948 1571 1082 1623 veterum
1115 1564 1295 1643 scriptorum

150 1676 201 1728 aut
225 1667 459 1730 Christianorum
484 1678 535 1730 aut
558 1687 738 1748 paganorum
762 1686 940 1747 quemquam
964 1669 1000 1728 de
1023 1668 1168 1749 baptismo
1192 1668 1295 1730 luliani

147 1777 305 1854 quicquam
329 1775 489 1836 rettulisse.
531 1776 626 1854 Atque
650 1777 905 1853 argumentatione
929 1794 982 1835 sua
1005 1774 1190 1836 Fridericurn
1214 1775 1296 1836 Rode

147 1882 222 1942 libro
241 1885 291 1962 qui
311 1882 485 1971 inscribitur
502 1881 698 1962 „Geschichte
717 1881 770 1940 der
789 1881 930 1941 Reaction
950 1880 1054 1942 llaiser
1073 1881 1182 1943 lulians
1201 1902 1294 1963 gegen

148 1990 195 2050 die
215 1991 385 2051 christliche
405 1985 532 2050 llirche“
550 1990 636 2050 lenae
657 2009 681 2049 a.
699 1987 782 2051 1877
803 1988 913 2069 publici
937 1991 1011 2049 iuris
1031 1989 1107 2050 lacto
1128 1990 1163 2050 de
1184 1999 1295 2071 tempo-

147 2097 231 2157 ribus
260 2117 360 2158 rerum
391 2117 406 2157 a
435 2098 547 2158 luliano
580 2105 730 2177 gestarum
759 2099 927 2157 accuratius
961 2095 1157 2156 discribendis
1185 2101 1295 2178 optime

148 2207 286 2265 meritum
307 2208 332 2265 si
356 2208 455 2266 minus
478 2208 509 2265 in
533 2213 631 2284 partes
656 2223 724 2265 suas
744 2204 836 2284 duxit,
860 2214 889 2263 at
913 2210 994 2263 certe
1018 2207 1185 2287 commovit,
1209 2213 1242 2265 ut
1265 2209 1295 2266 in

147 2330 292 2390 suspenso
312 2312 495 2391 relinqueret
514 2314 732 2393 quaestionem3
752 2313 789 2372 cl.
804 2311 930 2371 Rodium
945 2331 972 2390 p.
984 2307 1026 2370 33
1041 2311 1106 2370 adn.
1120 2308 1168 2371 13.
1192 2310 1295 2390 Neque

148 2427 247 2478 tamen
277 2427 359 2479 recte
383 2419 486 2480 dicunt
509 2439 546 2480 ne
571 2414 661 2480 unum
687 2420 806 2498 quidem
832 2428 965 2479 veterum
989 2420 1168 2497 scriptorum
1192 2418 1227 2478 de
1248 2418 1295 2479 ba·

147 2529 255 2605 ptismo
274 2524 379 2587 Iuliani
399 2525 487 2587 verba
510 2527 625 2586 iecisse.
659 2525 762 2586 Exstat
781 2527 860 2586 enim
880 2525 963 2586 locus
983 2524 1084 2605 Cyrilli
1098 2526 1296 2608 Alexandrini,

148 2637 233 2694 cuins
261 2633 333 2693 haec
362 2642 431 2693 sunt
458 2636 488 2694 in
516 2633 724 2693 acclamatione
748 2633 783 2692 ad
808 2633 1063 2712 religiosissimum
1086 2634 1295 2711 imperatorem

148 2739 348 2800 Theodosium
362 2759 390 2819 p.
405 2737 454 2800 3ss
469 2739 556 2801 Aah:
579 2737 618 2815 ἠν
641 2739 699 2814 μὲν
718 2737 779 2814 γὰρ
803 2734 857 2820 (sc.
873 2735 1058 2817 Ἰουλιανὸς)
1077 2737 1140 2814 πρὸ
1155 2741 1221 2801 τῶν
1239 2743 1296 2817 τῆς

149 2843 305 2923 βαςιλείας
320 2848 439 2921 καιρῶν
453 2849 520 2907 τοῖς
535 2844 731 2907 πιςτεύςαςιν
742 2843 935 2921 ἐναρίθμιος·
950 2843 1066 2921 ἠξιώθη
1082 2845 1117 2906 δὲ
1132 2845 1182 2907 καὶ
1197 2845 1296 2909 αὐτοῦ

147 2949 237 3032 τοῦῑ)
264 2950 356 3027 ἁγίου
382 2950 604 3030 βαπτίςματος,
634 2951 785 3029 ἐνήςκητο
810 2952 919 3014 δὲκαὶ
949 2950 1066 3030 βίβλοι(
1089 2955 1159 3014 ταῖς
1182 2951 1296 3030 ἱεραῖς·

149 3056 225 3121 ἀλλ’
254 3057 313 3121 οὐκ
337 3056 403 3122 οἷδ’
430 3057 520 3121 ὅπως
549 3055 663 3135 ἄνδρες
688 3058 775 3141 αὐτῷ
804 3057 909 3136 μιαροί
932 3078 966 3121 τε
995 3057 1046 3120 καὶ
1070 3058 1296 3137 ἁειςιὰαίμονες

148 3163 321 3240 γεγονότες
344 3165 497 3243 γνώριμοι
520 3167 596 3229 τοὺς
615 3165 696 3243 ὑπὲρ
715 3169 771 3243 τῆς
794 3162 984 3227 ἀποςταςίας
1008 3168 1148 3242 καθῆκαν
1168 3164 1295 3241 λόγους.

149 3269 217 3334 εἶτα
246 3273 407 3337 ςύνοπλον
435 3273 480 3336 εἰς
512 3277 608 3337 τοῦτο
637 3271 791 3352 λαβόντε(
824 3273 881 3335 τὸν
910 3274 1048 3334 ςατανᾶν
1082 3272 1296 3350 παρεκόμιςαν

119 3447 123 3453 ,
149 3378 193 3441 εἰς
211 3379 250 3442 τὰ
272 3378 434 3459 Ἑλλήνων
458 3379 514 3458 ἔθη
533 3381 583 3444 καί
603 3379 712 3456 λάτριν
732 3378 904 3457 ἀπέφηναν
919 3376 1092 3455 δαιμονίων
1107 3377 1295 3458 ἀκαθάρτων

147 3485 205 3548 τὸν
242 3484 345 3562 ἁγίαις
378 3486 551 3565 ἐκκληςίαις
583 3488 634 3550 καὶ
671 3486 890 3566 μοναςτηρίοις
919 3485 1181 3564 ἐντεθρυμμένον.
1229 3488 1294 3559 Quo

221 3699 246 3765 1)
261 3697 401 3752 Aubertus
416 3700 525 3752 καὶτοῦ
540 3697 620 3763 ἁγίου
636 3697 827 3764 βαπτίςματος.
857 3697 910 3750 Sed
925 3694 1046 3749 Michael
1056 3693 1156 3764 Glycas
1171 3715 1197 3764 p.
1208 3702 1294 3765 470‚3

149 3786 191 3839 ed.
211 3785 307 3854 Βοιώ,
327 3786 375 3854 qui
394 3786 491 3855 Cyrilli
510 3787 596 3841 verba
614 3786 772 3856 exscripsit:
798 3787 904 3853 ἠξιώθη
930 3787 960 3838 δὲ
980 3786 1024 3837 καί
1043 3785 1200 3838 αὐτοῦτοῦ
1219 3785 1294 3838 θείου

149 3875 340 3942 βαπτίςματος.
375 3874 607 3944 Oecolampadius
625 3876 713 3930 verba
731 3892 802 3945 quae
821 3875 850 3927 in
865 3871 960 3928 codice
981 3870 1131 3941 Capnionis
1151 3874 1296 3928 invenerat

148 3964 189 4020 ila
198 3965 297 4020 vertit:
312 3967 477 4034 assequutus
488 3967 583 4018 autem
593 3966 654 4019 erat
664 3966 692 4019 et
705 3965 798 4033 ipsum
809 3965 1016 4018 sacrosanctum
1031 3962 1177 4030 baptisma.
1197 3963 1295 4031 Neque

147 4055 286 4124 repugnat
305 4053 443 4124 scriptura
462 4054 521 4108 cod.
542 4053 677 4107 Marciani
697 4059 748 4107 123
768 4068 838 4107 eaeo.
858 4051 930 4105 XllI.
964 4050 1018 4105 Ubi
1036 4050 1137 4104 lacuna
1155 4049 1296 4105 invenitur

146 4143 221 4197 inter
239 4160 322 4198 voees
341 4144 445 4211 ἠξιώθη
470 4144 501 4198 δὲ
520 4144 564 4197 καὶ
584 4145 613 4196 et
630 4147 682 4196 τοθ
702 4142 782 4208 ἁγίου
802 4141 992 4208 βαπτίςματος,
1012 4139 1116 4208 inqua
1134 4139 1206 4193 nihil
1223 4158 1295 4194 nune

148 4235 293 4303 comparet
310 4231 364 4286 nisi
383 4233 514 4288 accentus
534 4231 727 4287 circumflexus
745 4234 814 4288 onte
834 4247 923 4286 uoces
938 4235 994 4283 του
1012 4228 1099 4291 iiiios
1114 4225 1324 4286 monimum&-

1080 4311 1118 4360 ft·
