<?xml version="1.0" encoding="UTF-8"?>
<!DOCTYPE html PUBLIC "-//W3C//DTD XHTML 1.0 Transitional//EN"
    "http://www.w3.org/TR/xhtml1/DTD/xhtml1-transitional.dtd">
<html xmlns="http://www.w3.org/1999/xhtml" xml:lang="en" lang="en">
 <head>
  <title>
</title>
<meta http-equiv="Content-Type" content="text/html;charset=utf-8" />
  <meta name='ocr-system' content='tesseract 3.04.00' />
  <meta name='ocr-capabilities' content='ocr_page ocr_carea ocr_par ocr_line ocrx_word'/>
</head>
<body>
  <div class='ocr_page' id='page_1' title='image "./prolegomenainju00neumgoog_0011.png"; bbox 0 0 2910 4688; ppageno 0'>
   <div class='ocr_carea' id='block_1_1' title="bbox 529 159 1310 223">
    <p class='ocr_par' dir='ltr' id='par_1_1' title="bbox 529 159 1310 223">
     <span class='ocr_line' id='line_1_1' title="bbox 529 159 1310 223; baseline 0 -9"><span class='ocrx_word' id='word_1_1' title='bbox 529 161 569 214; x_wconf 90' lang='lat' dir='ltr'><strong>De</strong></span> <span class='ocrx_word' id='word_1_2' title='bbox 588 159 690 216; x_wconf 80' lang='lat' dir='ltr'><strong>Iuliani</strong></span> <span class='ocrx_word' id='word_1_3' title='bbox 708 160 843 215; x_wconf 85' lang='lat' dir='ltr'><strong>librorum</strong></span> <span class='ocrx_word' id='word_1_4' title='bbox 862 161 935 215; x_wconf 77' lang='lat' dir='ltr'><strong>faiis.</strong></span> <span class='ocrx_word' id='word_1_5' title='bbox 1289 161 1310 223; x_wconf 81' lang='grc'>5</span> 
     </span>
    </p>
   </div>
   <div class='ocr_carea' id='block_1_2' title="bbox 154 321 1309 1999">
    <p class='ocr_par' dir='ltr' id='par_1_2' title="bbox 154 321 1309 1999">
     <span class='ocr_line' id='line_1_2' title="bbox 160 321 1309 410; baseline 0.001 -22"><span class='ocrx_word' id='word_1_6' title='bbox 160 328 248 388; x_wconf 90' lang='lat' dir='ltr'><strong>verba</strong></span> <span class='ocrx_word' id='word_1_7' title='bbox 263 328 330 388; x_wconf 91' lang='lat' dir='ltr'><strong>hist.</strong></span> <span class='ocrx_word' id='word_1_8' title='bbox 347 328 417 389; x_wconf 89' lang='lat' dir='ltr'><strong>eccl.</strong></span> <span class='ocrx_word' id='word_1_9' title='bbox 432 327 456 384; x_wconf 96' lang='lat' dir='ltr'>V</span> <span class='ocrx_word' id='word_1_10' title='bbox 470 325 513 388; x_wconf 77' lang='lat'><strong>22</strong></span> <span class='ocrx_word' id='word_1_11' title='bbox 532 324 601 408; x_wconf 90' lang='lat' dir='ltr'><strong>(vol.</strong></span> <span class='ocrx_word' id='word_1_12' title='bbox 621 328 655 388; x_wconf 91' lang='lat' dir='ltr'><strong>ll.</strong></span> <span class='ocrx_word' id='word_1_13' title='bbox 670 347 698 406; x_wconf 91' lang='lat' dir='ltr'><strong>p.</strong></span> <span class='ocrx_word' id='word_1_14' title='bbox 715 325 778 388; x_wconf 82' lang='lat'><strong>633</strong></span> <span class='ocrx_word' id='word_1_15' title='bbox 798 321 927 410; x_wconf 80' lang='lat' dir='ltr'><strong>Hussey)</strong></span> <span class='ocrx_word' id='word_1_16' title='bbox 947 327 1032 388; x_wconf 89' lang='lat' dir='ltr'><strong>haec:</strong></span> <span class='ocrx_word' id='word_1_17' title='bbox 1056 322 1106 389; x_wconf 81' lang='grc' dir='ltr'><strong>Ἐν</strong></span> <span class='ocrx_word' id='word_1_18' title='bbox 1125 333 1162 409; x_wconf 83' lang='grc' dir='ltr'><strong>τῇ</strong></span> <span class='ocrx_word' id='word_1_19' title='bbox 1179 326 1258 410; x_wconf 83' lang='grc' dir='ltr'>αὐτῇ</span> <span class='ocrx_word' id='word_1_20' title='bbox 1274 327 1309 389; x_wconf 83' lang='grc' dir='ltr'><strong>δὲ</strong></span> 
     </span>
     <span class='ocr_line' id='line_1_3' title="bbox 161 430 1309 524; baseline 0 -26"><span class='ocrx_word' id='word_1_21' title='bbox 161 431 382 516; x_wconf 83' lang='grc' dir='ltr'>Ἀλεξανδρείᾳ</span> <span class='ocrx_word' id='word_1_22' title='bbox 392 432 591 510; x_wconf 76' lang='grc' dir='ltr'>ἀναγνῶεται</span> <span class='ocrx_word' id='word_1_23' title='bbox 602 434 653 497; x_wconf 86' lang='grc' dir='ltr'><strong>καὶ</strong></span> <span class='ocrx_word' id='word_1_24' title='bbox 663 433 835 524; x_wconf 75' lang='grc' dir='ltr'>ὑπαβολεῑ(</span> <span class='ocrx_word' id='word_1_25' title='bbox 846 432 1026 512; x_wconf 80' lang='grc' dir='ltr'>ἀδιάφορον</span> <span class='ocrx_word' id='word_1_26' title='bbox 1037 430 1100 497; x_wconf 84' lang='grc' dir='ltr'>εἴτε</span> <span class='ocrx_word' id='word_1_27' title='bbox 1116 434 1309 512; x_wconf 83' lang='grc' dir='ltr'>κατηχούμε-</span> 
     </span>
     <span class='ocr_line' id='line_1_4' title="bbox 161 540 1309 620; baseline 0.001 -16"><span class='ocrx_word' id='word_1_28' title='bbox 161 540 211 605; x_wconf 86' lang='grc' dir='ltr'><strong>νοί</strong></span> <span class='ocrx_word' id='word_1_29' title='bbox 222 540 298 605; x_wconf 83' lang='grc' dir='ltr'>εἰαν</span> <span class='ocrx_word' id='word_1_30' title='bbox 309 540 372 606; x_wconf 84' lang='grc' dir='ltr'>εἴτε</span> <span class='ocrx_word' id='word_1_31' title='bbox 388 541 498 620; x_wconf 66' lang='lat' dir='ltr'><strong>huot,</strong></span> <span class='ocrx_word' id='word_1_32' title='bbox 513 545 579 605; x_wconf 86' lang='grc' dir='ltr'><strong>τῶν</strong></span> <span class='ocrx_word' id='word_1_33' title='bbox 595 545 761 620; x_wconf 83' lang='grc' dir='ltr'>πανταχοῦ</span> <span class='ocrx_word' id='word_1_34' title='bbox 772 541 944 619; x_wconf 81' lang='grc' dir='ltr'>ἐκκληαῶν</span> <span class='ocrx_word' id='word_1_35' title='bbox 956 542 1083 605; x_wconf 75' lang='grc' dir='ltr'>πιετοὺ(</span> <span class='ocrx_word' id='word_1_36' title='bbox 1098 540 1142 604; x_wconf 80' lang='grc' dir='ltr'><strong>εἰ(</strong></span> <span class='ocrx_word' id='word_1_37' title='bbox 1153 541 1191 604; x_wconf 88' lang='grc' dir='ltr'><strong>τὸ</strong></span> <span class='ocrx_word' id='word_1_38' title='bbox 1205 540 1309 620; x_wconf 88' lang='grc' dir='ltr'>τάγμα</span> 
     </span>
     <span class='ocr_line' id='line_1_5' title="bbox 159 635 1308 730; baseline 0 -19"><span class='ocrx_word' id='word_1_39' title='bbox 159 651 256 711; x_wconf 82' lang='grc' dir='ltr'>τοῦτο</span> <span class='ocrx_word' id='word_1_40' title='bbox 275 635 558 728; x_wconf 80' lang='grc' dir='ltr'>προβαλλὸμένων.</span> <span class='ocrx_word' id='word_1_41' title='bbox 591 650 664 710; x_wconf 89' lang='lat' dir='ltr'><strong>Nam</strong></span> <span class='ocrx_word' id='word_1_42' title='bbox 683 650 829 711; x_wconf 92' lang='lat' dir='ltr'><strong>lulianum</strong></span> <span class='ocrx_word' id='word_1_43' title='bbox 848 669 931 710; x_wconf 92' lang='lat' dir='ltr'><strong>sacra</strong></span> <span class='ocrx_word' id='word_1_44' title='bbox 951 653 1060 729; x_wconf 90' lang='lat' dir='ltr'><strong>scripta</strong></span> <span class='ocrx_word' id='word_1_45' title='bbox 1080 669 1179 711; x_wconf 89' lang='lat' dir='ltr'><strong>coram</strong></span> <span class='ocrx_word' id='word_1_46' title='bbox 1199 650 1308 730; x_wconf 89' lang='lat' dir='ltr'><strong>populo</strong></span> 
     </span>
     <span class='ocr_line' id='line_1_6' title="bbox 159 755 1308 838; baseline 0 -20"><span class='ocrx_word' id='word_1_47' title='bbox 159 759 300 818; x_wconf 78' lang='lat' dir='ltr'><strong>recitasse</strong></span> <span class='ocrx_word' id='word_1_48' title='bbox 324 761 404 818; x_wconf 88' lang='lat' dir='ltr'><strong>inter</strong></span> <span class='ocrx_word' id='word_1_49' title='bbox 427 776 530 817; x_wconf 91' lang='lat' dir='ltr'><strong>omnes</strong></span> <span class='ocrx_word' id='word_1_50' title='bbox 554 765 682 838; x_wconf 88' lang='lat' dir='ltr'><strong>constat;</strong></span> <span class='ocrx_word' id='word_1_51' title='bbox 706 757 742 818; x_wconf 90' lang='lat' dir='ltr'><strong>cl.</strong></span> <span class='ocrx_word' id='word_1_52' title='bbox 766 755 887 836; x_wconf 89' lang='lat' dir='ltr'><strong>Gregor.</strong></span> <span class='ocrx_word' id='word_1_53' title='bbox 907 756 973 817; x_wconf 88' lang='lat' dir='ltr'><strong>Naz.</strong></span> <span class='ocrx_word' id='word_1_54' title='bbox 993 775 1035 817; x_wconf 93' lang='lat' dir='ltr'><strong>or.</strong></span> <span class='ocrx_word' id='word_1_55' title='bbox 1055 755 1100 818; x_wconf 86' lang='lat' dir='ltr'><strong>IV.</strong></span> <span class='ocrx_word' id='word_1_56' title='bbox 1119 776 1146 836; x_wconf 90' lang='lat' dir='ltr'><strong>p.</strong></span> <span class='ocrx_word' id='word_1_57' title='bbox 1168 755 1243 819; x_wconf 83' lang='grc' dir='ltr'><strong>88Α</strong></span> <span class='ocrx_word' id='word_1_58' title='bbox 1263 759 1308 818; x_wconf 90' lang='lat' dir='ltr'><strong>ed.</strong></span> 
     </span>
     <span class='ocr_line' id='line_1_7' title="bbox 160 861 1307 944; baseline 0.003 -21"><span class='ocrx_word' id='word_1_59' title='bbox 160 864 284 925; x_wconf 80' lang='lat' dir='ltr'><strong>bened:</strong></span> <span class='ocrx_word' id='word_1_60' title='bbox 308 862 361 944; x_wconf 84' lang='grc' dir='ltr'><strong>Τῷ</strong></span> <span class='ocrx_word' id='word_1_61' title='bbox 381 863 438 940; x_wconf 85' lang='grc' dir='ltr'><strong>μέν</strong></span> <span class='ocrx_word' id='word_1_62' title='bbox 461 883 497 938; x_wconf 85' lang='grc' dir='ltr'><strong>γε</strong></span> <span class='ocrx_word' id='word_1_63' title='bbox 522 863 628 944; x_wconf 84' lang='grc' dir='ltr'>κλήρῳ</span> <span class='ocrx_word' id='word_1_64' title='bbox 652 863 810 940; x_wconf 79' lang='grc' dir='ltr'>φέροντε(</span> <span class='ocrx_word' id='word_1_65' title='bbox 829 861 963 926; x_wconf 69' lang='grc' dir='ltr'>ἑαυτοὺς</span> <span class='ocrx_word' id='word_1_66' title='bbox 983 862 1202 941; x_wconf 80' lang='grc' dir='ltr'>ἑγκατὲλεξαν,</span> <span class='ocrx_word' id='word_1_67' title='bbox 1227 861 1307 926; x_wconf 68' lang='lat' dir='ltr'><strong>dicre</strong></span> 
     </span>
     <span class='ocr_line' id='line_1_8' title="bbox 159 967 1307 1052; baseline 0 -20"><span class='ocrx_word' id='word_1_68' title='bbox 159 971 218 1032; x_wconf 72' lang='grc' dir='ltr'><strong>καὶ</strong></span> <span class='ocrx_word' id='word_1_69' title='bbox 238 969 294 1032; x_wconf 80' lang='grc' dir='ltr'><strong>τὰ(</strong></span> <span class='ocrx_word' id='word_1_70' title='bbox 323 967 409 1034; x_wconf 79' lang='grc' dir='ltr'>θεία(</span> <span class='ocrx_word' id='word_1_71' title='bbox 440 968 713 1045; x_wconf 73' lang='grc' dir='ltr'>ὑπαναγινώεκειν</span> <span class='ocrx_word' id='word_1_72' title='bbox 741 974 787 1052; x_wconf 84' lang='grc' dir='ltr'><strong>τῷ</strong></span> <span class='ocrx_word' id='word_1_73' title='bbox 819 973 887 1052; x_wconf 82' lang='grc' dir='ltr'><strong>λαῷ</strong></span> <span class='ocrx_word' id='word_1_74' title='bbox 912 968 1052 1052; x_wconf 56' lang='grc' dir='ltr'>βίβλους</span> <span class='ocrx_word' id='word_1_75' title='bbox 1081 990 1178 1051; x_wconf 91' lang='lat' dir='ltr'><strong>neque</strong></span> <span class='ocrx_word' id='word_1_76' title='bbox 1209 974 1307 1032; x_wconf 88' lang='lat' dir='ltr'><strong>minus</strong></span> 
     </span>
     <span class='ocr_line' id='line_1_9' title="bbox 158 1078 1307 1158; baseline 0.001 -19"><span class='ocrx_word' id='word_1_77' title='bbox 158 1089 261 1140; x_wconf 90' lang='lat' dir='ltr'><strong>notum</strong></span> <span class='ocrx_word' id='word_1_78' title='bbox 278 1088 396 1139; x_wconf 92' lang='lat' dir='ltr'><strong>estnon</strong></span> <span class='ocrx_word' id='word_1_79' title='bbox 412 1078 604 1138; x_wconf 75' lang='lat' dir='ltr'>Alexandriae</span> <span class='ocrx_word' id='word_1_80' title='bbox 620 1097 688 1139; x_wconf 90' lang='lat' dir='ltr'><strong>eum</strong></span> <span class='ocrx_word' id='word_1_81' title='bbox 703 1081 853 1140; x_wconf 76' lang='lat' dir='ltr'><strong>recitasse.</strong></span> <span class='ocrx_word' id='word_1_82' title='bbox 882 1079 984 1158; x_wconf 84' lang='lat' dir='ltr'><strong>Neque</strong></span> <span class='ocrx_word' id='word_1_83' title='bbox 999 1081 1091 1158; x_wconf 89' lang='lat' dir='ltr'><strong>igitur</strong></span> <span class='ocrx_word' id='word_1_84' title='bbox 1105 1081 1161 1138; x_wconf 92' lang='lat' dir='ltr'><strong>iam</strong></span> <span class='ocrx_word' id='word_1_85' title='bbox 1178 1078 1307 1140; x_wconf 87' lang='lat' dir='ltr'><strong>dubitari</strong></span> 
     </span>
     <span class='ocr_line' id='line_1_10' title="bbox 158 1185 1307 1266; baseline 0 -19"><span class='ocrx_word' id='word_1_86' title='bbox 158 1195 257 1266; x_wconf 89' lang='lat' dir='ltr'><strong>potest</strong></span> <span class='ocrx_word' id='word_1_87' title='bbox 291 1187 327 1246; x_wconf 94' lang='lat' dir='ltr'><strong>de</strong></span> <span class='ocrx_word' id='word_1_88' title='bbox 366 1185 512 1266; x_wconf 93' lang='lat' dir='ltr'><strong>baptismo</strong></span> <span class='ocrx_word' id='word_1_89' title='bbox 541 1185 653 1246; x_wconf 87' lang='lat' dir='ltr'><strong>loliani.</strong></span> <span class='ocrx_word' id='word_1_90' title='bbox 702 1186 759 1256; x_wconf 85' lang='lat' dir='ltr'><strong>Qui</strong></span> <span class='ocrx_word' id='word_1_91' title='bbox 787 1205 854 1247; x_wconf 91' lang='lat' dir='ltr'><strong>eum</strong></span> <span class='ocrx_word' id='word_1_92' title='bbox 887 1194 990 1265; x_wconf 93' lang='lat' dir='ltr'><strong>postea</strong></span> <span class='ocrx_word' id='word_1_93' title='bbox 1024 1187 1058 1246; x_wconf 92' lang='lat' dir='ltr'><strong>ad</strong></span> <span class='ocrx_word' id='word_1_94' title='bbox 1091 1187 1307 1266; x_wconf 82' lang='lat' dir='ltr'>philosophiam</span> 
     </span>
     <span class='ocr_line' id='line_1_11' title="bbox 157 1292 1307 1374; baseline 0 -20"><span class='ocrx_word' id='word_1_95' title='bbox 157 1294 335 1354; x_wconf 80' lang='lat' dir='ltr'>Platonicam</span> <span class='ocrx_word' id='word_1_96' title='bbox 356 1295 510 1354; x_wconf 90' lang='lat' dir='ltr'><strong>institutus</strong></span> <span class='ocrx_word' id='word_1_97' title='bbox 529 1300 660 1353; x_wconf 90' lang='lat' dir='ltr'><strong>veterem</strong></span> <span class='ocrx_word' id='word_1_98' title='bbox 679 1293 853 1371; x_wconf 80' lang='lat' dir='ltr'><strong>religionem</strong></span> <span class='ocrx_word' id='word_1_99' title='bbox 873 1292 1024 1372; x_wconf 81' lang='lat' dir='ltr'><strong>amplexus</strong></span> <span class='ocrx_word' id='word_1_100' title='bbox 1040 1301 1127 1374; x_wconf 90' lang='lat' dir='ltr'><strong>esset,</strong></span> <span class='ocrx_word' id='word_1_101' title='bbox 1146 1294 1216 1354; x_wconf 94' lang='lat' dir='ltr'><strong>dum</strong></span> <span class='ocrx_word' id='word_1_102' title='bbox 1237 1297 1307 1355; x_wconf 91' lang='lat' dir='ltr'><strong>vivit</strong></span> 
     </span>
     <span class='ocr_line' id='line_1_12' title="bbox 157 1400 1306 1481; baseline 0.001 -20"><span class='ocrx_word' id='word_1_103' title='bbox 157 1400 357 1481; x_wconf 87' lang='lat' dir='ltr'><strong>Constantius,</strong></span> <span class='ocrx_word' id='word_1_104' title='bbox 376 1400 480 1460; x_wconf 91' lang='lat' dir='ltr'><strong>celavit</strong></span> <span class='ocrx_word' id='word_1_105' title='bbox 495 1402 583 1461; x_wconf 93' lang='lat' dir='ltr'><strong>animi</strong></span> <span class='ocrx_word' id='word_1_106' title='bbox 599 1403 867 1462; x_wconf 89' lang='lat' dir='ltr'><strong>commutationem.</strong></span> <span class='ocrx_word' id='word_1_107' title='bbox 898 1401 956 1462; x_wconf 87' lang='lat' dir='ltr'><strong>Sed</strong></span> <span class='ocrx_word' id='word_1_108' title='bbox 972 1400 1022 1461; x_wconf 89' lang='lat' dir='ltr'><strong>ubi</strong></span> <span class='ocrx_word' id='word_1_109' title='bbox 1036 1402 1165 1480; x_wconf 92' lang='lat' dir='ltr'><strong>primum</strong></span> <span class='ocrx_word' id='word_1_110' title='bbox 1181 1420 1306 1481; x_wconf 88' lang='lat' dir='ltr'><strong>regnum</strong></span> 
     </span>
     <span class='ocr_line' id='line_1_13' title="bbox 157 1506 1306 1588; baseline 0.001 -20"><span class='ocrx_word' id='word_1_111' title='bbox 157 1510 322 1588; x_wconf 89' lang='lat' dir='ltr'><strong>occupavit,</strong></span> <span class='ocrx_word' id='word_1_112' title='bbox 352 1510 493 1567; x_wconf 90' lang='lat' dir='ltr'><strong>continuo</strong></span> <span class='ocrx_word' id='word_1_113' title='bbox 521 1506 586 1567; x_wconf 94' lang='lat' dir='ltr'><strong>orbi</strong></span> <span class='ocrx_word' id='word_1_114' title='bbox 616 1516 763 1568; x_wconf 90' lang='lat' dir='ltr'><strong>terrarum</strong></span> <span class='ocrx_word' id='word_1_115' title='bbox 792 1508 931 1588; x_wconf 75' lang='lat' dir='ltr'><strong>patefecit</strong></span> <span class='ocrx_word' id='word_1_116' title='bbox 954 1508 1110 1587; x_wconf 81' lang='lat' dir='ltr'><strong>reliquisse</strong></span> <span class='ocrx_word' id='word_1_117' title='bbox 1139 1527 1170 1569; x_wconf 92' lang='lat' dir='ltr'><strong>se</strong></span> <span class='ocrx_word' id='word_1_118' title='bbox 1202 1528 1306 1569; x_wconf 87' lang='lat' dir='ltr'><strong>novam</strong></span> 
     </span>
     <span class='ocr_line' id='line_1_14' title="bbox 156 1615 1306 1685; baseline 0.002 -10"><span class='ocrx_word' id='word_1_119' title='bbox 156 1615 352 1676; x_wconf 86' lang='lat' dir='ltr'><strong>Galilaeorum</strong></span> <span class='ocrx_word' id='word_1_120' title='bbox 381 1623 499 1675; x_wconf 89' lang='lat' dir='ltr'><strong>sectam.</strong></span> <span class='ocrx_word' id='word_1_121' title='bbox 542 1615 628 1685; x_wconf 84' lang='lat' dir='ltr'><strong>Quod</strong></span> <span class='ocrx_word' id='word_1_122' title='bbox 660 1619 684 1676; x_wconf 93' lang='lat' dir='ltr'><strong>si</strong></span> <span class='ocrx_word' id='word_1_123' title='bbox 709 1617 932 1676; x_wconf 85' lang='lat' dir='ltr'><strong>consideramus</strong></span> <span class='ocrx_word' id='word_1_124' title='bbox 961 1634 1076 1676; x_wconf 92' lang='lat' dir='ltr'><strong>summo</strong></span> <span class='ocrx_word' id='word_1_125' title='bbox 1105 1636 1173 1677; x_wconf 91' lang='lat' dir='ltr'><strong>eum</strong></span> <span class='ocrx_word' id='word_1_126' title='bbox 1207 1617 1306 1677; x_wconf 92' lang='lat' dir='ltr'><strong>studio</strong></span> 
     </span>
     <span class='ocr_line' id='line_1_15' title="bbox 155 1722 1304 1803; baseline 0.003 -22"><span class='ocrx_word' id='word_1_127' title='bbox 155 1741 187 1782; x_wconf 92' lang='lat' dir='ltr'><strong>se</strong></span> <span class='ocrx_word' id='word_1_128' title='bbox 212 1723 328 1783; x_wconf 91' lang='lat' dir='ltr'><strong>dedisse</strong></span> <span class='ocrx_word' id='word_1_129' title='bbox 352 1722 567 1803; x_wconf 86' lang='lat' dir='ltr'><strong>philosophiae,</strong></span> <span class='ocrx_word' id='word_1_130' title='bbox 596 1725 653 1783; x_wconf 94' lang='lat' dir='ltr'><strong>iam</strong></span> <span class='ocrx_word' id='word_1_131' title='bbox 677 1732 762 1783; x_wconf 91' lang='lat' dir='ltr'><strong>antea</strong></span> <span class='ocrx_word' id='word_1_132' title='bbox 786 1722 970 1783; x_wconf 93' lang='lat' dir='ltr'><strong>orationibus</strong></span> <span class='ocrx_word' id='word_1_133' title='bbox 995 1723 1160 1785; x_wconf 89' lang='lat' dir='ltr'><strong>scribendis</strong></span> <span class='ocrx_word' id='word_1_134' title='bbox 1184 1743 1304 1802; x_wconf 92' lang='lat' dir='ltr'><strong>operam</strong></span> 
     </span>
     <span class='ocr_line' id='line_1_16' title="bbox 155 1829 1304 1912; baseline 0.003 -23"><span class='ocrx_word' id='word_1_135' title='bbox 155 1848 287 1910; x_wconf 89' lang='lat' dir='ltr'><strong>navasse,</strong></span> <span class='ocrx_word' id='word_1_136' title='bbox 311 1849 371 1890; x_wconf 95' lang='lat' dir='ltr'><strong>non</strong></span> <span class='ocrx_word' id='word_1_137' title='bbox 394 1832 434 1891; x_wconf 91' lang='lat' dir='ltr'><strong>ita</strong></span> <span class='ocrx_word' id='word_1_138' title='bbox 453 1831 545 1890; x_wconf 83' lang='lat' dir='ltr'><strong>luisse</strong></span> <span class='ocrx_word' id='word_1_139' title='bbox 570 1830 605 1889; x_wconf 94' lang='lat' dir='ltr'><strong>ab</strong></span> <span class='ocrx_word' id='word_1_140' title='bbox 630 1833 709 1890; x_wconf 93' lang='lat' dir='ltr'><strong>omni</strong></span> <span class='ocrx_word' id='word_1_141' title='bbox 734 1833 931 1890; x_wconf 77' lang='lat' dir='ltr'><strong>ostentatione</strong></span> <span class='ocrx_word' id='word_1_142' title='bbox 955 1829 1095 1912; x_wconf 83' lang='lat' dir='ltr'><strong>liberum,</strong></span> <span class='ocrx_word' id='word_1_143' title='bbox 1115 1840 1148 1891; x_wconf 95' lang='lat' dir='ltr'><strong>ut</strong></span> <span class='ocrx_word' id='word_1_144' title='bbox 1171 1850 1231 1891; x_wconf 93' lang='lat' dir='ltr'><strong>non</strong></span> <span class='ocrx_word' id='word_1_145' title='bbox 1255 1851 1304 1892; x_wconf 92' lang='lat' dir='ltr'><strong>ne-</strong></span> 
     </span>
     <span class='ocr_line' id='line_1_17' title="bbox 154 1936 1303 1999; baseline 0.002 -3"><span class='ocrx_word' id='word_1_146' title='bbox 154 1939 324 1998; x_wconf 92' lang='lat' dir='ltr'><strong>cessitatem</strong></span> <span class='ocrx_word' id='word_1_147' title='bbox 348 1936 405 1998; x_wconf 88' lang='lat' dir='ltr'><strong>sibi</strong></span> <span class='ocrx_word' id='word_1_148' title='bbox 429 1940 591 1998; x_wconf 88' lang='lat' dir='ltr'><strong>iniunctam</strong></span> <span class='ocrx_word' id='word_1_149' title='bbox 615 1957 681 1998; x_wconf 92' lang='lat' dir='ltr'><strong>esse</strong></span> <span class='ocrx_word' id='word_1_150' title='bbox 706 1946 843 1997; x_wconf 89' lang='lat' dir='ltr'><strong>censeret</strong></span> <span class='ocrx_word' id='word_1_151' title='bbox 866 1940 985 1997; x_wconf 82' lang='lat' dir='ltr'><strong>ermetis</strong></span> <span class='ocrx_word' id='word_1_152' title='bbox 1006 1937 1176 1999; x_wconf 89' lang='lat' dir='ltr'><strong>hominibus</strong></span> <span class='ocrx_word' id='word_1_153' title='bbox 1200 1957 1303 1998; x_wconf 89' lang='lat' dir='ltr'><strong>causas</strong></span> 
     </span>
    </p>
   </div>
   <div class='ocr_carea' id='block_1_3' title="bbox 153 2044 1303 2343">
    <p class='ocr_par' dir='ltr' id='par_1_3' title="bbox 153 2044 1303 2343">
     <span class='ocr_line' id='line_1_18' title="bbox 155 2044 1303 2125; baseline 0.003 -23"><span class='ocrx_word' id='word_1_154' title='bbox 155 2045 334 2125; x_wconf 85' lang='lat' dir='ltr'><strong>exponendi,</strong></span> <span class='ocrx_word' id='word_1_155' title='bbox 363 2045 472 2125; x_wconf 90' lang='lat' dir='ltr'><strong>quibus</strong></span> <span class='ocrx_word' id='word_1_156' title='bbox 502 2052 655 2124; x_wconf 89' lang='lat' dir='ltr'><strong>permotus</strong></span> <span class='ocrx_word' id='word_1_157' title='bbox 689 2044 789 2105; x_wconf 88' lang='lat' dir='ltr'><strong>relicta</strong></span> <span class='ocrx_word' id='word_1_158' title='bbox 825 2044 1060 2105; x_wconf 86' lang='lat' dir='ltr'><strong>Christianorum</strong></span> <span class='ocrx_word' id='word_1_159' title='bbox 1094 2045 1235 2124; x_wconf 91' lang='lat' dir='ltr'><strong>religione</strong></span> <span class='ocrx_word' id='word_1_160' title='bbox 1268 2047 1303 2106; x_wconf 95' lang='lat' dir='ltr'><strong>ad</strong></span> 
     </span>
     <span class='ocr_line' id='line_1_19' title="bbox 154 2144 1303 2234; baseline 0.003 -22"><span class='ocrx_word' id='word_1_161' title='bbox 154 2154 298 2212; x_wconf 86' lang='lat' dir='ltr'><strong>maiorum</strong></span> <span class='ocrx_word' id='word_1_162' title='bbox 308 2171 390 2212; x_wconf 91' lang='lat' dir='ltr'><strong>sacra</strong></span> <span class='ocrx_word' id='word_1_163' title='bbox 401 2155 586 2213; x_wconf 89' lang='lat' dir='ltr'><strong>revertisset:</strong></span> <span class='ocrx_word' id='word_1_164' title='bbox 596 2144 740 2231; x_wconf 87' lang='lat' dir='ltr'><strong>peculiari</strong></span> <span class='ocrx_word' id='word_1_165' title='bbox 748 2171 816 2212; x_wconf 90' lang='lat' dir='ltr'><strong>eum</strong></span> <span class='ocrx_word' id='word_1_166' title='bbox 824 2171 914 2232; x_wconf 91' lang='lat' dir='ltr'><strong>opere</strong></span> <span class='ocrx_word' id='word_1_167' title='bbox 926 2172 1012 2212; x_wconf 92' lang='lat' dir='ltr'><strong>nemo</strong></span> <span class='ocrx_word' id='word_1_168' title='bbox 1024 2153 1178 2214; x_wconf 90' lang='lat' dir='ltr'><strong>mirabitur</strong></span> <span class='ocrx_word' id='word_1_169' title='bbox 1186 2173 1303 2234; x_wconf 90' lang='lat' dir='ltr'><strong>aggres-</strong></span> 
     </span>
     <span class='ocr_line' id='line_1_20' title="bbox 153 2258 1302 2343; baseline 0.004 -24"><span class='ocrx_word' id='word_1_170' title='bbox 153 2278 219 2319; x_wconf 92' lang='lat' dir='ltr'><strong>sum</strong></span> <span class='ocrx_word' id='word_1_171' title='bbox 245 2278 311 2320; x_wconf 90' lang='lat' dir='ltr'><strong>esse</strong></span> <span class='ocrx_word' id='word_1_172' title='bbox 331 2260 528 2340; x_wconf 82' lang='lat' dir='ltr'><strong>Christianos,</strong></span> <span class='ocrx_word' id='word_1_173' title='bbox 547 2260 671 2319; x_wconf 91' lang='lat' dir='ltr'><strong>deorum</strong></span> <span class='ocrx_word' id='word_1_174' title='bbox 691 2258 821 2320; x_wconf 89' lang='lat' dir='ltr'><strong>cultores</strong></span> <span class='ocrx_word' id='word_1_175' title='bbox 840 2260 1021 2343; x_wconf 80' lang='lat' dir='ltr'><strong>defendisse,</strong></span> <span class='ocrx_word' id='word_1_176' title='bbox 1039 2265 1215 2339; x_wconf 87' lang='lat' dir='ltr'><strong>praesertim</strong></span> <span class='ocrx_word' id='word_1_177' title='bbox 1235 2282 1302 2324; x_wconf 90' lang='lat' dir='ltr'><strong>eum</strong></span> 
     </span>
    </p>
   </div>
   <div class='ocr_carea' id='block_1_4' title="bbox 147 2366 1302 3943">
    <p class='ocr_par' dir='ltr' id='par_1_4' title="bbox 147 2366 1302 3943">
     <span class='ocr_line' id='line_1_21' title="bbox 154 2366 1302 2446; baseline 0.005 -21"><span class='ocrx_word' id='word_1_178' title='bbox 154 2375 288 2445; x_wconf 88' lang='lat' dir='ltr'><strong>speraret</strong></span> <span class='ocrx_word' id='word_1_179' title='bbox 308 2370 372 2427; x_wconf 91' lang='lat' dir='ltr'><strong>sine</strong></span> <span class='ocrx_word' id='word_1_180' title='bbox 393 2366 483 2426; x_wconf 95' lang='lat' dir='ltr'><strong>dubio</strong></span> <span class='ocrx_word' id='word_1_181' title='bbox 502 2385 589 2446; x_wconf 91' lang='lat' dir='ltr'><strong>posse</strong></span> <span class='ocrx_word' id='word_1_182' title='bbox 609 2385 640 2426; x_wconf 91' lang='lat' dir='ltr'><strong>se</strong></span> <span class='ocrx_word' id='word_1_183' title='bbox 661 2369 685 2426; x_wconf 93' lang='lat' dir='ltr'><strong>si</strong></span> <span class='ocrx_word' id='word_1_184' title='bbox 706 2385 764 2426; x_wconf 92' lang='lat' dir='ltr'><strong>non</strong></span> <span class='ocrx_word' id='word_1_185' title='bbox 784 2385 886 2427; x_wconf 92' lang='lat' dir='ltr'><strong>omnes</strong></span> <span class='ocrx_word' id='word_1_186' title='bbox 906 2376 1035 2428; x_wconf 91' lang='lat' dir='ltr'><strong>atcerte</strong></span> <span class='ocrx_word' id='word_1_187' title='bbox 1055 2367 1163 2428; x_wconf 91' lang='lat' dir='ltr'><strong>multos</strong></span> <span class='ocrx_word' id='word_1_188' title='bbox 1183 2388 1198 2428; x_wconf 93' lang='lat' dir='ltr'><strong>a</strong></span> <span class='ocrx_word' id='word_1_189' title='bbox 1218 2371 1302 2431; x_wconf 91' lang='lat' dir='ltr'><strong>loeda</strong></span> 
     </span>
     <span class='ocr_line' id='line_1_22' title="bbox 152 2473 1302 2552; baseline 0.003 -19"><span class='ocrx_word' id='word_1_190' title='bbox 152 2476 364 2552; x_wconf 90' lang='lat' dir='ltr'><strong>superstitione</strong></span> <span class='ocrx_word' id='word_1_191' title='bbox 403 2491 549 2532; x_wconf 87' lang='lat' dir='ltr'><strong>revocare.</strong></span> <span class='ocrx_word' id='word_1_192' title='bbox 601 2473 696 2552; x_wconf 83' lang='lat' dir='ltr'><strong>Atque</strong></span> <span class='ocrx_word' id='word_1_193' title='bbox 725 2481 831 2552; x_wconf 90' lang='lat' dir='ltr'><strong>aperte·</strong></span> <span class='ocrx_word' id='word_1_194' title='bbox 855 2474 927 2534; x_wconf 89' lang='lat' dir='ltr'><strong>dicit</strong></span> <span class='ocrx_word' id='word_1_195' title='bbox 959 2476 988 2533; x_wconf 94' lang='lat' dir='ltr'><strong>in</strong></span> <span class='ocrx_word' id='word_1_196' title='bbox 1020 2474 1145 2552; x_wconf 90' lang='lat' dir='ltr'><strong>epistula</strong></span> <span class='ocrx_word' id='word_1_197' title='bbox 1174 2473 1302 2537; x_wconf 87' lang='lat' dir='ltr'><strong>LXXlll.</strong></span> 
     </span>
     <span class='ocr_line' id='line_1_23' title="bbox 152 2577 1302 2660; baseline 0.005 -20"><span class='ocrx_word' id='word_1_198' title='bbox 152 2580 244 2657; x_wconf 81' lang='lat' dir='ltr'><strong>Hertl.</strong></span> <span class='ocrx_word' id='word_1_199' title='bbox 263 2600 291 2659; x_wconf 94' lang='lat' dir='ltr'><strong>p.</strong></span> <span class='ocrx_word' id='word_1_200' title='bbox 308 2577 437 2660; x_wconf 80' lang='lat' dir='ltr'><strong>605sq,</strong></span> <span class='ocrx_word' id='word_1_201' title='bbox 461 2598 548 2658; x_wconf 86' lang='lat' dir='ltr'><strong>quam</strong></span> <span class='ocrx_word' id='word_1_202' title='bbox 572 2583 602 2640; x_wconf 92' lang='lat' dir='ltr'><strong>in</strong></span> <span class='ocrx_word' id='word_1_203' title='bbox 627 2580 761 2641; x_wconf 91' lang='lat' dir='ltr'><strong>Latinum</strong></span> <span class='ocrx_word' id='word_1_204' title='bbox 786 2599 955 2641; x_wconf 91' lang='lat' dir='ltr'><strong>sermonem</strong></span> <span class='ocrx_word' id='word_1_205' title='bbox 979 2600 1150 2642; x_wconf 89' lang='lat' dir='ltr'><strong>conversam</strong></span> <span class='ocrx_word' id='word_1_206' title='bbox 1176 2587 1302 2646; x_wconf 90' lang='lat' dir='ltr'><strong>servavit</strong></span> 
     </span>
     <span class='ocr_line' id='line_1_24' title="bbox 152 2687 1301 2773; baseline 0.004 -27"><span class='ocrx_word' id='word_1_207' title='bbox 152 2688 323 2767; x_wconf 84' lang='lat' dir='ltr'><strong>Facundus,</strong></span> <span class='ocrx_word' id='word_1_208' title='bbox 352 2689 453 2746; x_wconf 94' lang='lat' dir='ltr'><strong>iniisse</strong></span> <span class='ocrx_word' id='word_1_209' title='bbox 482 2706 513 2746; x_wconf 93' lang='lat' dir='ltr'><strong>se</strong></span> <span class='ocrx_word' id='word_1_210' title='bbox 543 2687 698 2747; x_wconf 89' lang='lat' dir='ltr'><strong>eonsilium</strong></span> <span class='ocrx_word' id='word_1_211' title='bbox 723 2691 786 2748; x_wconf 90' lang='lat' dir='ltr'><strong>eius</strong></span> <span class='ocrx_word' id='word_1_212' title='bbox 816 2689 894 2748; x_wconf 91' lang='lat' dir='ltr'><strong>modi</strong></span> <span class='ocrx_word' id='word_1_213' title='bbox 922 2688 990 2748; x_wconf 90' lang='lat' dir='ltr'><strong>libri</strong></span> <span class='ocrx_word' id='word_1_214' title='bbox 1023 2690 1243 2773; x_wconf 79' lang='lat' dir='ltr'><strong>conscribendi3</strong></span> <span class='ocrx_word' id='word_1_215' title='bbox 1271 2692 1301 2751; x_wconf 96' lang='lat' dir='ltr'><strong>id</strong></span> 
     </span>
     <span class='ocr_line' id='line_1_25' title="bbox 151 2794 1301 2875; baseline 0.003 -19"><span class='ocrx_word' id='word_1_216' title='bbox 151 2797 230 2875; x_wconf 94' lang='lat' dir='ltr'><strong>quod</strong></span> <span class='ocrx_word' id='word_1_217' title='bbox 260 2815 347 2856; x_wconf 92' lang='lat' dir='ltr'><strong>nemo</strong></span> <span class='ocrx_word' id='word_1_218' title='bbox 375 2794 471 2855; x_wconf 89' lang='lat' dir='ltr'><strong>adhue</strong></span> <span class='ocrx_word' id='word_1_219' title='bbox 505 2796 583 2874; x_wconf 92' lang='lat' dir='ltr'><strong>quod</strong></span> <span class='ocrx_word' id='word_1_220' title='bbox 617 2798 708 2855; x_wconf 88' lang='lat' dir='ltr'><strong>seiam</strong></span> <span class='ocrx_word' id='word_1_221' title='bbox 742 2797 954 2857; x_wconf 90' lang='lat' dir='ltr'><strong>animadvertit.</strong></span> <span class='ocrx_word' id='word_1_222' title='bbox 993 2798 1051 2858; x_wconf 88' lang='lat' dir='ltr'><strong>Sed</strong></span> <span class='ocrx_word' id='word_1_223' title='bbox 1080 2817 1148 2858; x_wconf 89' lang='lat' dir='ltr'><strong>oum</strong></span> <span class='ocrx_word' id='word_1_224' title='bbox 1179 2807 1301 2860; x_wconf 89' lang='lat' dir='ltr'><strong>secutus</strong></span> 
     </span>
     <span class='ocr_line' id='line_1_26' title="bbox 151 2902 1300 2986; baseline 0.006 -25"><span class='ocrx_word' id='word_1_225' title='bbox 151 2921 264 2962; x_wconf 92' lang='lat' dir='ltr'><strong>morem</strong></span> <span class='ocrx_word' id='word_1_226' title='bbox 287 2921 303 2961; x_wconf 94' lang='lat' dir='ltr'><strong>a</strong></span> <span class='ocrx_word' id='word_1_227' title='bbox 323 2902 498 2964; x_wconf 88' lang='lat' dir='ltr'><strong>Christianis</strong></span> <span class='ocrx_word' id='word_1_228' title='bbox 522 2912 593 2964; x_wconf 92' lang='lat' dir='ltr'><strong>tunc</strong></span> <span class='ocrx_word' id='word_1_229' title='bbox 614 2912 782 2986; x_wconf 89' lang='lat' dir='ltr'><strong>receptum,</strong></span> <span class='ocrx_word' id='word_1_230' title='bbox 806 2908 891 2965; x_wconf 90' lang='lat' dir='ltr'><strong>cuius</strong></span> <span class='ocrx_word' id='word_1_231' title='bbox 911 2906 1076 2985; x_wconf 87' lang='lat' dir='ltr'><strong>exemplum</strong></span> <span class='ocrx_word' id='word_1_232' title='bbox 1101 2907 1300 2968; x_wconf 90' lang='lat' dir='ltr'><strong>luculentissi-</strong></span> 
     </span>
     <span class='ocr_line' id='line_1_27' title="bbox 151 3011 1299 3093; baseline 0.005 -24"><span class='ocrx_word' id='word_1_233' title='bbox 151 3027 232 3069; x_wconf 93' lang='lat' dir='ltr'><strong>mum</strong></span> <span class='ocrx_word' id='word_1_234' title='bbox 247 3017 363 3070; x_wconf 86' lang='lat' dir='ltr'><strong>exstant</strong></span> <span class='ocrx_word' id='word_1_235' title='bbox 377 3011 465 3071; x_wconf 88' lang='lat' dir='ltr'><strong>ltalae</strong></span> <span class='ocrx_word' id='word_1_236' title='bbox 486 3031 560 3090; x_wconf 89' lang='lat' dir='ltr'><strong>quae</strong></span> <span class='ocrx_word' id='word_1_237' title='bbox 580 3013 688 3072; x_wconf 88' lang='lat' dir='ltr'><strong>dicitur</strong></span> <span class='ocrx_word' id='word_1_238' title='bbox 709 3031 861 3072; x_wconf 87' lang='lat' dir='ltr'><strong>sacrorum</strong></span> <span class='ocrx_word' id='word_1_239' title='bbox 881 3013 1025 3073; x_wconf 92' lang='lat' dir='ltr'><strong>librorum</strong></span> <span class='ocrx_word' id='word_1_240' title='bbox 1045 3016 1299 3093; x_wconf 90' lang='lat' dir='ltr'><strong>interpretationis</strong></span> 
     </span>
     <span class='ocr_line' id='line_1_28' title="bbox 151 3115 1300 3204; baseline 0.008 -30"><span class='ocrx_word' id='word_1_241' title='bbox 151 3115 307 3196; x_wconf 91' lang='lat' dir='ltr'><strong>reliquiae,</strong></span> <span class='ocrx_word' id='word_1_242' title='bbox 334 3117 456 3179; x_wconf 89' lang='lat' dir='ltr'><strong>verbum</strong></span> <span class='ocrx_word' id='word_1_243' title='bbox 481 3120 543 3178; x_wconf 87' lang='lat' dir='ltr'><strong>lere</strong></span> <span class='ocrx_word' id='word_1_244' title='bbox 567 3120 603 3179; x_wconf 94' lang='lat' dir='ltr'><strong>de</strong></span> <span class='ocrx_word' id='word_1_245' title='bbox 628 3117 717 3178; x_wconf 88' lang='lat' dir='ltr'><strong>verbo</strong></span> <span class='ocrx_word' id='word_1_246' title='bbox 742 3122 921 3198; x_wconf 88' lang='lat' dir='ltr'><strong>exprimeret</strong></span> <span class='ocrx_word' id='word_1_247' title='bbox 944 3119 1115 3200; x_wconf 77' lang='lat' dir='ltr'><strong>FacunduS,</strong></span> <span class='ocrx_word' id='word_1_248' title='bbox 1139 3122 1237 3182; x_wconf 87' lang='lat' dir='ltr'><strong>eilecit</strong></span> <span class='ocrx_word' id='word_1_249' title='bbox 1260 3124 1300 3204; x_wconf 92' lang='lat' dir='ltr'><strong>id,</strong></span> 
     </span>
     <span class='ocr_line' id='line_1_29' title="bbox 153 3223 1297 3306; baseline 0.008 -24"><span class='ocrx_word' id='word_1_250' title='bbox 153 3232 184 3283; x_wconf 91' lang='lat' dir='ltr'><strong>ut</strong></span> <span class='ocrx_word' id='word_1_251' title='bbox 203 3223 307 3283; x_wconf 89' lang='lat' dir='ltr'><strong>loliani</strong></span> <span class='ocrx_word' id='word_1_252' title='bbox 331 3226 456 3303; x_wconf 89' lang='lat' dir='ltr'><strong>epistula</strong></span> <span class='ocrx_word' id='word_1_253' title='bbox 480 3225 610 3304; x_wconf 85' lang='lat' dir='ltr'><strong>intellegi</strong></span> <span class='ocrx_word' id='word_1_254' title='bbox 635 3228 682 3286; x_wconf 85' lang='lat' dir='ltr'><strong>vix</strong></span> <span class='ocrx_word' id='word_1_255' title='bbox 700 3229 795 3306; x_wconf 88' lang='lat' dir='ltr'><strong>possit</strong></span> <span class='ocrx_word' id='word_1_256' title='bbox 815 3228 870 3286; x_wconf 87' lang='lat' dir='ltr'><strong>uisi</strong></span> <span class='ocrx_word' id='word_1_257' title='bbox 890 3226 1019 3287; x_wconf 91' lang='lat' dir='ltr'><strong>Graecae</strong></span> <span class='ocrx_word' id='word_1_258' title='bbox 1039 3226 1155 3306; x_wconf 90' lang='lat' dir='ltr'><strong>linguae</strong></span> <span class='ocrx_word' id='word_1_259' title='bbox 1175 3229 1297 3291; x_wconf 90' lang='lat' dir='ltr'><strong>reddita.</strong></span> 
     </span>
     <span class='ocr_line' id='line_1_30' title="bbox 153 3318 1296 3412; baseline 0.009 -24"><span class='ocrx_word' id='word_1_260' title='bbox 153 3329 279 3409; x_wconf 90' lang='lat' dir='ltr'><strong>Scripsit</strong></span> <span class='ocrx_word' id='word_1_261' title='bbox 293 3338 391 3391; x_wconf 91' lang='lat' dir='ltr'><strong>autem</strong></span> <span class='ocrx_word' id='word_1_262' title='bbox 406 3331 537 3392; x_wconf 92' lang='lat' dir='ltr'><strong>lulianus</strong></span> <span class='ocrx_word' id='word_1_263' title='bbox 552 3332 624 3393; x_wconf 92' lang='lat' dir='ltr'><strong>haec</strong></span> <span class='ocrx_word' id='word_1_264' title='bbox 643 3335 672 3393; x_wconf 93' lang='lat' dir='ltr'><strong>in</strong></span> <span class='ocrx_word' id='word_1_265' title='bbox 688 3318 813 3412; x_wconf 85' lang='lat' dir='ltr'><strong>epistula</strong></span> <span class='ocrx_word' id='word_1_266' title='bbox 832 3333 868 3392; x_wconf 91' lang='lat' dir='ltr'><strong>ad</strong></span> <span class='ocrx_word' id='word_1_267' title='bbox 883 3333 1042 3394; x_wconf 89' lang='lat' dir='ltr'><strong>Photinom</strong></span> <span class='ocrx_word' id='word_1_268' title='bbox 1062 3334 1296 3398; x_wconf 87' lang='lat' dir='ltr'><strong>haeresiarcham</strong></span> 
     </span>
     <span class='ocr_line' id='line_1_31' title="bbox 149 3436 1296 3522; baseline 0.008 -27"><span class='ocrx_word' id='word_1_269' title='bbox 149 3436 228 3497; x_wconf 90' lang='lat' dir='ltr'><strong>data:</strong></span> <span class='ocrx_word' id='word_1_270' title='bbox 257 3437 321 3518; x_wconf 90' lang='lat' dir='ltr'><strong>„Tu</strong></span> <span class='ocrx_word' id='word_1_271' title='bbox 341 3439 470 3519; x_wconf 93' lang='lat' dir='ltr'><strong>quidem,</strong></span> <span class='ocrx_word' id='word_1_272' title='bbox 493 3458 510 3498; x_wconf 95' lang='lat' dir='ltr'><strong>o</strong></span> <span class='ocrx_word' id='word_1_273' title='bbox 530 3440 664 3521; x_wconf 87' lang='lat' dir='ltr'><strong>Photine,</strong></span> <span class='ocrx_word' id='word_1_274' title='bbox 689 3440 856 3500; x_wconf 90' lang='lat' dir='ltr'><strong>verisimilis</strong></span> <span class='ocrx_word' id='word_1_275' title='bbox 880 3441 988 3502; x_wconf 91' lang='lat' dir='ltr'><strong>videris</strong></span> <span class='ocrx_word' id='word_1_276' title='bbox 1013 3451 1042 3502; x_wconf 91' lang='lat' dir='ltr'><strong>et</strong></span> <span class='ocrx_word' id='word_1_277' title='bbox 1065 3445 1219 3522; x_wconf 86' lang='lat' dir='ltr'><strong>proximus</strong></span> <span class='ocrx_word' id='word_1_278' title='bbox 1243 3444 1296 3504; x_wconf 91' lang='lat' dir='ltr'><strong>sal-</strong></span> 
     </span>
     <span class='ocr_line' id='line_1_32' title="bbox 149 3533 1296 3643; baseline 0.009 -42"><span class='ocrx_word' id='word_1_279' title='bbox 149 3538 251 3625; x_wconf 68' lang='lat' dir='ltr'><strong>varil),</strong></span> <span class='ocrx_word' id='word_1_280' title='bbox 271 3544 667 3643; x_wconf 41' lang='lat' dir='ltr'><strong>berrefaciensfnequaquam</strong></span> <span class='ocrx_word' id='word_1_281' title='bbox 692 3550 722 3606; x_wconf 95' lang='lat' dir='ltr'><strong>in</strong></span> <span class='ocrx_word' id='word_1_282' title='bbox 751 3556 836 3607; x_wconf 84' lang='lat' dir='ltr'><strong>utero</strong></span> <span class='ocrx_word' id='word_1_283' title='bbox 865 3548 1007 3608; x_wconf 89' lang='lat' dir='ltr'><strong>inducere</strong></span> <span class='ocrx_word' id='word_1_284' title='bbox 1032 3569 1120 3628; x_wconf 91' lang='lat' dir='ltr'><strong>quem</strong></span> <span class='ocrx_word' id='word_1_285' title='bbox 1145 3533 1296 3611; x_wconf 88' lang='lat' dir='ltr'><strong>credidisti</strong></span> 
     </span>
     <span class='ocr_line' id='line_1_33' title="bbox 148 3649 1294 3734; baseline 0.007 -25"><span class='ocrx_word' id='word_1_286' title='bbox 148 3649 244 3710; x_wconf 92' lang='lat' dir='ltr'><strong>deum.</strong></span> <span class='ocrx_word' id='word_1_287' title='bbox 283 3650 429 3711; x_wconf 88' lang='lat' dir='ltr'><strong>Diodorus</strong></span> <span class='ocrx_word' id='word_1_288' title='bbox 457 3661 554 3712; x_wconf 91' lang='lat' dir='ltr'><strong>autem</strong></span> <span class='ocrx_word' id='word_1_289' title='bbox 578 3652 716 3713; x_wconf 89' lang='lat' dir='ltr'><strong>Nazaraei</strong></span> <span class='ocrx_word' id='word_1_290' title='bbox 745 3673 846 3731; x_wconf 89' lang='lat' dir='ltr'><strong>magus</strong></span> <span class='ocrx_word' id='word_1_291' title='bbox 871 3657 935 3714; x_wconf 91' lang='lat' dir='ltr'><strong>eius</strong></span> <span class='ocrx_word' id='word_1_292' title='bbox 962 3655 1190 3734; x_wconf 83' lang='lat' dir='ltr'><strong>pigmentalibus</strong></span> <span class='ocrx_word' id='word_1_293' title='bbox 1214 3676 1294 3717; x_wconf 93' lang='lat' dir='ltr'><strong>man-</strong></span> 
     </span>
     <span class='ocr_line' id='line_1_34' title="bbox 147 3750 1293 3845; baseline 0.009 -30"><span class='ocrx_word' id='word_1_294' title='bbox 147 3750 264 3839; x_wconf 77' lang='lat' dir='ltr'><strong>ganis2)</strong></span> <span class='ocrx_word' id='word_1_295' title='bbox 289 3776 398 3817; x_wconf 89' lang='lat' dir='ltr'><strong>acuens</strong></span> <span class='ocrx_word' id='word_1_296' title='bbox 422 3760 717 3842; x_wconf 88' lang='lat' dir='ltr'><strong>irrationabilitatem,</strong></span> <span class='ocrx_word' id='word_1_297' title='bbox 741 3769 845 3821; x_wconf 90' lang='lat' dir='ltr'><strong>acutus</strong></span> <span class='ocrx_word' id='word_1_298' title='bbox 867 3765 1003 3840; x_wconf 90' lang='lat' dir='ltr'><strong>apparuit</strong></span> <span class='ocrx_word' id='word_1_299' title='bbox 1027 3763 1157 3842; x_wconf 86' lang='lat' dir='ltr'><strong>sophista</strong></span> <span class='ocrx_word' id='word_1_300' title='bbox 1177 3764 1293 3845; x_wconf 88' lang='lat' dir='ltr'><strong>religio-</strong></span> 
     </span>
     <span class='ocr_line' id='line_1_35' title="bbox 148 3858 1293 3943; baseline 0.009 -20"><span class='ocrx_word' id='word_1_301' title='bbox 148 3867 194 3924; x_wconf 85' lang='lat' dir='ltr'><strong>nis</strong></span> <span class='ocrx_word' id='word_1_302' title='bbox 217 3858 372 3943; x_wconf 86' lang='lat' dir='ltr'><strong>agrestis.“</strong></span> <span class='ocrx_word' id='word_1_303' title='bbox 407 3864 554 3926; x_wconf 89' lang='lat' dir='ltr'><strong>Vertenda</strong></span> <span class='ocrx_word' id='word_1_304' title='bbox 574 3877 672 3928; x_wconf 92' lang='lat' dir='ltr'><strong>autem</strong></span> <span class='ocrx_word' id='word_1_305' title='bbox 692 3869 829 3929; x_wconf 89' lang='lat' dir='ltr'><strong>videntur</strong></span> <span class='ocrx_word' id='word_1_306' title='bbox 852 3870 931 3929; x_wconf 91' lang='lat' dir='ltr'><strong>bunc</strong></span> <span class='ocrx_word' id='word_1_307' title='bbox 956 3871 1017 3930; x_wconf 87' lang='lat' dir='ltr'><strong>lere</strong></span> <span class='ocrx_word' id='word_1_308' title='bbox 1041 3873 1071 3931; x_wconf 95' lang='lat' dir='ltr'><strong>in</strong></span> <span class='ocrx_word' id='word_1_309' title='bbox 1096 3871 1227 3933; x_wconf 92' lang='lat' dir='ltr'><strong>modum:</strong></span> <span class='ocrx_word' id='word_1_310' title='bbox 1252 3871 1293 3934; x_wconf 84' lang='grc' dir='ltr'><strong>(ὺ</strong></span> 
     </span>
    </p>
   </div>
   <div class='ocr_carea' id='block_1_5' title="bbox 220 4108 736 4176">
    <p class='ocr_par' dir='ltr' id='par_1_5' title="bbox 220 4108 736 4176">
     <span class='ocr_line' id='line_1_36' title="bbox 220 4108 736 4176; baseline 0.006 -14"><span class='ocrx_word' id='word_1_311' title='bbox 220 4111 244 4176; x_wconf 88' lang='grc'><strong>1)</strong></span> <span class='ocrx_word' id='word_1_312' title='bbox 266 4108 404 4162; x_wconf 80' lang='lat' dir='ltr'><strong>‘Salvere’</strong></span> <span class='ocrx_word' id='word_1_313' title='bbox 424 4109 454 4162; x_wconf 90' lang='lat' dir='ltr'><strong>in</strong></span> <span class='ocrx_word' id='word_1_314' title='bbox 475 4108 599 4163; x_wconf 83' lang='lat' dir='ltr'><strong>‘salvari’</strong></span> <span class='ocrx_word' id='word_1_315' title='bbox 620 4111 736 4166; x_wconf 73' lang='lat' dir='ltr'><strong>mutavi.</strong></span> 
     </span>
    </p>
   </div>
   <div class='ocr_carea' id='block_1_6' title="bbox 147 4196 1293 4359">
    <p class='ocr_par' dir='ltr' id='par_1_6' title="bbox 147 4196 1293 4359">
     <span class='ocr_line' id='line_1_37' title="bbox 219 4196 1293 4276; baseline 0.007 -25"><span class='ocrx_word' id='word_1_316' title='bbox 219 4201 245 4266; x_wconf 78' lang='lat'><strong>2)</strong></span> <span class='ocrx_word' id='word_1_317' title='bbox 266 4197 310 4253; x_wconf 83' lang='lat' dir='ltr'><strong>Ita</strong></span> <span class='ocrx_word' id='word_1_318' title='bbox 329 4196 506 4252; x_wconf 83' lang='lat' dir='ltr'><strong>scribendum</strong></span> <span class='ocrx_word' id='word_1_319' title='bbox 524 4215 585 4252; x_wconf 87' lang='lat' dir='ltr'><strong>esse</strong></span> <span class='ocrx_word' id='word_1_320' title='bbox 604 4199 731 4254; x_wconf 85' lang='lat' dir='ltr'><strong>existimo</strong></span> <span class='ocrx_word' id='word_1_321' title='bbox 754 4218 805 4271; x_wconf 89' lang='lat' dir='ltr'><strong>pro</strong></span> <span class='ocrx_word' id='word_1_322' title='bbox 824 4203 931 4258; x_wconf 76' lang='lat' dir='ltr'><strong>tradita</strong></span> <span class='ocrx_word' id='word_1_323' title='bbox 949 4204 1086 4274; x_wconf 80' lang='lat' dir='ltr'><strong>scriptura</strong></span> <span class='ocrx_word' id='word_1_324' title='bbox 1106 4206 1293 4276; x_wconf 54' lang='lat' dir='ltr'><strong>manganes,</strong></span> 
     </span>
     <span class='ocr_line' id='line_1_38' title="bbox 147 4287 748 4359; baseline 0.01 -19"><span class='ocrx_word' id='word_1_325' title='bbox 147 4304 164 4340; x_wconf 83' lang='lat' dir='ltr'><strong>a</strong></span> <span class='ocrx_word' id='word_1_326' title='bbox 183 4303 238 4356; x_wconf 85' lang='lat' dir='ltr'><strong>qua</strong></span> <span class='ocrx_word' id='word_1_327' title='bbox 256 4304 291 4341; x_wconf 88' lang='lat' dir='ltr'><strong>ne</strong></span> <span class='ocrx_word' id='word_1_328' title='bbox 310 4287 471 4342; x_wconf 86' lang='lat' dir='ltr'><strong>Hertlenius</strong></span> <span class='ocrx_word' id='word_1_329' title='bbox 490 4287 604 4359; x_wconf 88' lang='lat' dir='ltr'><strong>quidem</strong></span> <span class='ocrx_word' id='word_1_330' title='bbox 620 4290 748 4348; x_wconf 78' lang='lat' dir='ltr'><strong>recessit.</strong></span> 
     </span>
    </p>
   </div>
   <div class='ocr_carea' id='block_1_7' title="bbox 0 0 1460 4688">
    <p class='ocr_par' dir='ltr' id='par_1_7' title="bbox 0 0 1460 4688">
     <span class='ocr_line' id='line_1_39' title="bbox 0 0 1460 4688; baseline 0 4"><span class='ocrx_word' id='word_1_331' title='bbox 0 0 1460 4688; x_wconf 95' lang='lat' dir='ltr'><strong> </strong></span> 
     </span>
    </p>
   </div>
  </div>
 </body>
</html>
