2910 4688
164 220 208 284 24
677 222 767 293 Capul
785 223 806 277 Ι.

164 388 341 450 substantivi
369 407 436 449 cum
465 388 589 450 articulo
616 393 672 467 τῆ(
700 390 912 470 coniungendi,
945 391 996 451 sed
1025 388 1222 469 supplendum
1251 391 1316 450 sine
1410 383 1415 392 ’

165 496 255 558 dubio
279 496 464 572 (υγγραφῆ(
493 496 595 556 eodem
625 497 726 578 modo,
755 516 813 576 quo
841 499 872 557 in
896 496 994 558 verbis
1017 499 1120 576 quinto
1150 496 1315 576 fragmento

165 605 336 684 praemissis
360 601 395 663 ἐκ
422 605 478 680 τῆ(
506 602 587 679 πρὸ(
610 597 826 686 Ἰοαλίανον.’)
875 599 975 675 Quid?
1003 602 1081 681 quod
1109 604 1175 664 fieri
1208 611 1316 684 potest,

165 719 200 772 ut
228 728 287 770 non
315 717 396 770 recte
424 709 529 788 legerit
557 709 731 772 Muenterus
759 710 838 790 quod
868 713 899 771 in
928 710 1030 771 codice
1058 712 1202 790 scriptum
1230 705 1317 770 erat?

166 817 364 879 Inveniuntur
387 817 466 876 enim
490 815 578 876 verba
602 816 676 877 haec
703 819 734 877 in
757 815 865 878 Leonis
888 817 986 878 Allatii
1013 816 1138 878 diatriba
1160 817 1197 877 de
1220 816 1316 878 Theo·

166 926 247 986 doris
277 919 363 1006 (Mai,
391 942 464 985 nova
492 931 610 1003 patrum
638 923 770 985 biblioth.
794 923 832 984 Vl
858 944 886 1004 p.
905 919 976 1007 30):
1011 924 1183 1006 „Adversus
1210 923 1318 998 Iuliani
1394 988 1404 1006 ⁸

168 1039 316 1113 apostatae
350 1032 510 1093 calumnias
543 1034 574 1092 iu
608 1031 803 1113 Christianos,
836 1032 973 1093 laudatur
1005 1034 1036 1092 in
1069 1039 1171 1092 catena
1207 1031 1318 1093 Graeca

169 1140 204 1200 ad
228 1138 352 1199 Lucam:
375 1135 549 1214 Θεοδώρου
569 1135 794 1214 Μοψουε(τία(
818 1136 941 1201 ἐκτῶν
965 1136 1046 1214 πρὸ(
1064 1135 1121 1199 τὰ(
1144 1135 1225 1200 κατὰ
1245 1136 1317 1214 Χρι-

169 1246 304 1308 (τιανῶν
323 1242 512 1321 κατηγορία(
531 1240 704 1308 Ἰουλιανοῦ
723 1246 781 1306 τοῦ
801 1242 997 1323 παραβάτοα.
1034 1243 1078 1305 Εκ
1098 1247 1318 1306 commentariis
1410 1290 1414 1298 .

169 1353 318 1414 Theodori
341 1351 543 1432 Mopsuesteni
567 1353 709 1414 adversus
732 1352 837 1414 Iuliani
861 1353 1023 1414 desertoris
1042 1353 1264 1414 criminationes
1287 1353 1317 1411 in
1406 1343 1409 1348 ’

169 1455 379 1522 Ch1·istian0s“.
416 1461 457 1520 ilc
486 1469 567 1521 recte
597 1461 703 1540 legisse
727 1461 865 1531 Allatium
889 1463 952 1522 veri
982 1459 1077 1521 simile
1108 1460 1178 1520 mihi
1201 1460 1319 1522 videtur

169 1571 257 1630 etiam
276 1568 362 1629 aliam
381 1565 419 1628 ob
439 1570 626 1649 scripturam,
649 1571 680 1628 iu
700 1586 758 1648 qua
777 1568 877 1629 differt
895 1567 1096 1649 abluentem,
1115 1569 1178 1628 veri
1193 1567 1320 1628 similius

169 1678 249 1737 enim
273 1652 338 1736 esse
362 1678 392 1736 in
416 1677 517 1737 codice
541 1673 674 1738 ἐκτῶν
698 1695 786 1755 qnam
814 1674 849 1737 ἐκ
872 1677 937 1753 τῆ(
960 1672 1041 1750 πρὸ(
1064 1672 1121 1735 τὰ(
1143 1670 1224 1736 κατὰ
1247 1671 1319 1750 Χρι-

170 1783 305 1844 (τιανῶν
324 1779 515 1859 κατηγορία(
534 1786 679 1863 scriptum
694 1802 760 1844 esse
779 1783 847 1844 inde
868 1784 1005 1863 allicitur,
1025 1772 1103 1861 quod
1123 1782 1208 1842 alteri
1225 1781 1320 1842 Theo-

170 1891 236 1951 dori
264 1891 428 1969 fragmento
457 1892 688 1970 praemittuntur
715 1890 805 1951 verba
832 1888 898 1952 Τοῦ
927 1887 1027 1951 αὐτοῦ
1055 1887 1178 1951 ἐκτῶν
1202 1884 1319 1949 αὐτῶν.

170 1996 214 2058 Eo
233 1999 324 2075 igitur
343 1995 443 2076 modo,
466 2015 525 2076 quo
544 1997 717 2058 Muenterus
736 1999 858 2076 putavit,
881 2015 940 2057 non
959 1999 1122 2077 inscriptus
1144 2003 1207 2056 erat
1225 1995 1321 2056 Theo-

171 2106 236 2166 dori
251 2112 355 2165 contra
372 2101 518 2165 lulianum
533 2104 616 2165 liber.
656 2105 751 2176 Quem
769 2107 888 2165 omnino
908 2122 968 2164 non
983 2106 1131 2165 exstitisse
1147 2102 1322 2164 ostendebat

135 2272 150 2279 ..
167 2211 241 2274 otto
270 2210 438 2272 Fridoliuus
466 2210 617 2298 Fritzsche
651 2212 701 2291 qui
734 2211 770 2272 de
799 2210 948 2274 Theodori
976 2210 1177 2291 Mopsuesteni
1204 2212 1264 2270 vita
1292 2219 1323 2271 et

168 2297 293 2399 ‘scriptis
323 2320 600 2380 commentationem
624 2318 795 2379 historicam
824 2317 1019 2397 theologicam
1042 2317 1123 2377 Halis
1146 2335 1222 2377 anno
1246 2315 1275 2377 h.
1299 2306 1322 2376 s.

174 2423 217 2488 36
241 2424 352 2506 publici
376 2425 450 2484 iuris
474 2417 584 2505 lecit.²)
627 2423 785 2485 Contendit
803 2431 902 2484 autem
922 2423 1103 2485 Frituschius
1122 2443 1150 2503 p.
1166 2420 1206 2485 81
1230 2424 1323 2508 luisse

174 2552 206 2594 ea
222 2550 297 2612 quae
312 2531 485 2592 Muenterus
504 2530 664 2611 publicarit
684 2533 846 2610 fragmenta
865 2533 896 2591 in
912 2534 1134 2614 commentario,
1153 2549 1212 2610 quo
1226 2513 1323 2590 Theo·

174 2642 266 2703 dorus
290 2638 472 2718 evangelium
493 2637 589 2699 Lucae
613 2637 799 2700 illustrasset.
837 2638 869 2698 ld
894 2638 973 2717 quod
992 2639 1065 2699 mihi
1084 2657 1143 2699 non
1165 2639 1324 2718 persuasit.

90 2777 93 2785 ¹
175 2748 278 2828 Neque
307 2747 385 2805 enim
413 2743 547 2825 probavit
574 2745 764 2806 Theodorum
795 2745 939 2825 peculiari
968 2764 1057 2826 opere
1090 2744 1236 2806 lulianum
1264 2763 1324 2805 non

176 2858 365 2934 impugnasse
395 2860 424 2913 et
452 2855 640 2931 gravissimae
671 2861 790 2933 accepta
819 2852 974 2914 Fritzschii
1008 2855 1154 2914 sententia
1186 2854 1325 2913 oriuntur

177 2959 374 3022 difficultates.
415 2959 609 3021 Levissimum
640 2963 719 3021 euim
747 2968 793 3021 est
826 2961 905 3041 quod
938 2961 1010 3022 dicit
1043 2962 1231 3021 manifestum
1260 2978 1325 3020 esse

177 3067 266 3128 verba
286 3063 459 3143 Θεοδώρου
475 3063 698 3143 Μοψουε(τία(
717 3064 752 3128 ἐκ
771 3068 837 3128 τῶν
856 3066 937 3143 πρὸ(
955 3065 1011 3128 τὰ(
1030 3063 1109 3128 κατὰ
1132 3065 1327 3143 Χρι(τιανῶν

178 3172 368 3252 κατηγορία(
387 3170 560 3237 Ἰουλιανοῦ
581 3177 640 3236 τοῦ
659 3171 846 3252 παραβάτου
871 3193 929 3234 nou
949 3178 1101 3236 continere
1121 3175 1239 3236 titulum
1258 3173 1328 3235 libri

180 3282 355 3362 Theodorei,
380 3282 431 3342 scd
451 3284 515 3342 eius
535 3300 600 3341 esse
620 3284 671 3361 qui
694 3281 742 3342 illa
762 3284 953 3362 excerpserit.
991 3282 1079 3343 Putat
1097 3285 1188 3362 igitur
1207 3283 1328 3343 linxisse

181 3397 384 3470 excerptorem
410 3408 443 3450 ea
468 3407 542 3467 quae
573 3391 705 3468 scripsit3
736 3389 765 3448 id
790 3389 868 3467 quod
893 3396 1022 3449 statuere
1046 3396 1180 3449 vetamur
1208 3397 1270 3449 arte
1295 3407 1329 3449 ac

181 3501 308 3578 ratione,
332 3498 388 3557 nisi
408 3515 514 3558 causae
533 3505 651 3558 exstant
669 3499 866 3576 gravissimae.
897 3495 1108 3557 Gravissimum
1127 3503 1226 3557 autem
1246 3501 1328 3556 certe

181 3625 240 3667 non
260 3613 314 3686 est,
338 3604 416 3683 quod
436 3604 617 3666 Fritzschius
639 3604 730 3688 „illud
750 3599 857 3664 etiam“
879 3606 976 3683 inquit
993 3604 1159 3687 „Muenteri
1178 3606 1328 3664 coniectu-

181 3732 244 3774 ram
268 3712 454 3791 aliquatenus
478 3714 624 3794 infringit,
647 3712 732 3793 quod
755 3712 803 3772 illa
827 3713 989 3791 fragmenta
1018 3715 1048 3774 in
1072 3720 1175 3773 catena
1199 3710 1330 3772 exhibita

182 3829 252 3882 sunt
266 3828 354 3899 atque
374 3822 404 3880 in
422 3822 460 3880 iis
474 3822 547 3900 ipsis
564 3822 651 3881 istius
671 3819 750 3880 modi
769 3818 837 3880 libri
854 3818 967 3880 nullum
987 3820 1128 3880 indicium
1144 3814 1214 3880 est“.
1251 3811 1330 3878 Num

183 3931 273 4010 igitur
288 3946 390 3989 omues
409 3926 501 3989 libros
517 3930 664 3988 exstitisse
684 3926 850 4007 negandum
870 3934 924 4006 est,
943 3946 1070 4006 quorum
1089 3929 1118 3987 iu
1135 3945 1194 3987 uno
1214 3932 1330 3987 tantum

256 4196 282 4262 1)
302 4192 397 4248 Scn'be
417 4192 571 4247 Ἰουλιανόν.

238 4285 269 4347 2)
294 4281 389 4335 Huius
417 4280 654 4338 commentationi
684 4281 774 4338 debeo
801 4279 935 4337 notitiam
959 4277 1158 4334 sententiarum
1183 4277 1333 4346 Muenteri,

142 4361 228 4414 emus
244 4366 357 4422 librum
375 4370 456 4426 mihi
473 4389 646 4444 comparare
666 4391 725 4431 non
744 4372 838 4446 potui.
