2910 4688
524 165 565 220 De
583 165 684 220 Iuliani
701 165 836 221 librorum
854 164 929 220 latis.
1262 165 1303 229 13

153 333 184 390 in
224 330 377 391 codicibus
410 331 541 392 Mediceo
569 340 600 393 et
631 331 823 412 Coisliniano,
861 339 983 412 apparet
1016 349 1081 391 esse
1118 332 1303 413 interpolata,

154 437 280 498 fortasse
305 456 322 497 a
348 438 468 498 librario
503 457 537 499 eo
566 441 618 518 qui
645 439 777 499 codicem
806 441 926 518 scripsit
953 437 1155 520 Harleianum,
1184 441 1214 499 in
1244 458 1302 519 quo

154 564 214 607 uno
237 549 439 609 inveniuntur.
477 547 559 607 ldem
583 549 753 626 insequenti
776 547 928 628 epistulae,
952 565 1009 625 qua
1032 546 1158 608 Basilius
1181 566 1303 627 respon·

135 653 197 715 'dit
224 653 338 716 luliano
370 655 539 716 adiunxisse
572 655 739 716 censendus
773 663 818 716 est
852 655 940 715 verba
968 651 988 714 ἃ
1016 653 1123 730 μέντοι
1151 650 1303 730 ἀνέγνως,

153 759 214 823 οὐκ
232 758 348 835 ἔγνως·
372 759 400 825 εἰ
422 760 483 838 γὰρ
508 759 619 839 ἔγνως,
643 760 700 823 οὐκ
722 758 762 823 ἂν
784 759 958 838 κατέγνως,
982 781 1078 841 neque
1103 781 1136 822 ea
1160 761 1219 822 ullo
1243 765 1303 823 vin-

153 868 221 929 culo
245 871 403 930 coniuncta
426 888 494 929 cum
518 872 554 929 iis
578 888 652 949 quae
677 869 855 930 antecedunt
879 877 908 929 et
932 871 1042 947 scripta
1064 871 1096 928 in
1115 869 1177 929 solo
1202 870 1303 930 codice

152 977 320 1038 Harleiano.

245 1084 368 1146 Praeter
387 1085 584 1165 Apollinarem
609 1085 683 1145 alius
703 1105 821 1164 quoqne
842 1104 946 1145 eorum
966 1087 1017 1162 qui
1041 1085 1146 1145 iisdem
1165 1088 1304 1165 tempori·

153 1192 211 1253 bus
230 1193 353 1254 fuerunt
367 1201 471 1253 eontra
486 1192 629 1253 lulianum
652 1193 762 1271 aliquid
777 1195 991 1272 conscripsisse
1007 1192 1124 1252 dicitur.
1152 1191 1301 1272 Ebedjesu

154 1303 234 1361 enim
253 1303 411 1381 episcopus
431 1300 581 1381 SobensiS‚
601 1302 652 1378 qui
672 1319 765 1360 annos
782 1320 810 1379 p.
831 1300 860 1360 G.
881 1318 909 1359 n.
926 1295 1010 1360 1318
1030 1299 1107 1358 diem
1129 1318 1301 1380 supremum
1360 1346 1363 1363 .

153 1407 240 1489 obiit,
270 1410 302 1468 in
326 1407 456 1487 catalogo
484 1407 630 1468 librorum
654 1410 785 1467 omnium
810 1406 1079 1466 ecclesiastieorum
1103 1415 1218 1469 exstare
1243 1418 1300 1468 tra·

153 1515 228 1576 didit
251 1510 280 1576 S.
300 1510 484 1594 Ephraem
508 1511 595 1593 Syri
623 1515 800 1576 solutionem
824 1517 983 1595 impietatis
1006 1515 1124 1596 luliani3
1155 1516 1191 1576 cl.
1216 1515 1301 1576 Asse·

152 1624 232 1682 mani
256 1621 325 1682 bibl.
350 1625 454 1683 orient.
480 1622 769 1683 Clementiae-Vatis.
789 1621 830 1681 ΙΙΙ
851 1621 878 1703 1,
893 1620 965 1685 aaa.
998 1624 1093 1703 Atque
1117 1623 1226 1684 librum
1250 1626 1301 1703 qni

152 1730 369 1791 inscriberetur
392 1730 499 1790 solutio
524 1732 682 1809 impietatis
700 1730 805 1790 luliani
828 1733 1007 1808 pertinuisse
1027 1731 1062 1791 ad
1082 1732 1186 1791 iuliani
1208 1730 1301 1792 libros

152 1841 215 1899 reri
244 1839 342 1917 specie
371 1856 473 1898 carere
501 1856 561 1898 non
588 1837 718 1919 videtur3
746 1856 842 1917 neque
872 1844 970 1897 tamen
989 1856 1022 1898 re
1054 1857 1121 1898 vera
1148 1841 1300 1917 pertinuit.

152 1946 286 2007 Meminit
313 1948 391 2006 enim
419 1945 568 2025 Ebedjesu
593 1945 748 2006 solutionis
772 1965 807 2005 eo
831 1945 909 2026 loco,
934 1944 984 2005 ubi
1009 1945 1037 2006 S.
1061 1945 1209 2025 Ephraem
1234 1947 1300 2026 Syri

152 2053 250 2114 attulit
269 2056 407 2114 carmina.
445 2053 560 2123 Quare
584 2062 737 2132 permotus
761 2056 819 2114 iam
838 2054 1017 2114 Assemanus
1041 2063 1121 2114 recte
1146 2054 1299 2114 contendit

152 2161 276 2244 eandem
307 2180 372 2222 esse
408 2161 585 2222 solutionem
620 2164 780 2240 impietatis
811 2162 917 2222 Iuliani
949 2168 1037 2240 atque
1070 2179 1189 2220 carmen
1221 2160 1299 2238 quod

153 2268 181 2328 S.
207 2267 354 2347 Ephraem
383 2271 560 2348 conseripsit
588 2263 639 2328 ‘de
668 2271 876 2347 persecutione
909 2270 991 2347 impii
1021 2267 1126 2328 Iuliani
1159 2267 1300 2327 adversus

152 2375 294 2437 ecclesiae
318 2360 473 2455 pastores'.
510 2374 552 2436 ct
576 2376 603 2435 S.
623 2374 771 2454 Ephraem
794 2385 858 2436 acta
879 2395 915 2436 ex
938 2393 1082 2454 anonymo
1107 2382 1246 2453 excerpta
1269 2377 1299 2435 in

152 2483 306 2545 assemani
328 2482 398 2543 bibl.
418 2502 459 2543 or.
479 2479 587 2544 15011.
608 2475 756 2566 xxviv).
793 2482 872 2561 Ergo
896 2501 954 2542 non
979 2484 1070 2560 magis
1090 2481 1175 2542 nobis
1195 2501 1299 2542 curan·
1350 2504 1354 2511 ·

151 2590 207 2651 dus
226 2599 273 2651 est
293 2591 322 2650 S.
341 2589 487 2670 Ephraem
512 2609 599 2670 qnam
618 2590 780 2670 Gregorius
799 2589 999 2650 Nazianzenus
1024 2592 1074 2668 qui
1098 2589 1213 2649 duabus
1236 2608 1299 2648 ora-

151 2697 282 2759 tionibus
305 2697 450 2759 lnlianum
474 2700 664 2778 impugnavit.
720 2736 721 2739 =

239 2805 359 2866 Primus
381 2808 472 2882 igitur
495 2805 600 2866 luliani
625 2804 717 2866 libros
740 2806 887 2866 refutasse
907 2804 1073 2865 censendus
1098 2814 1176 2865 esset
1195 2798 1299 2865 Ioan-

150 2926 215 2978 nes
248 2908 552 2990 Chrysoslomum
591 2913 724 2973 si'lides
758 2921 837 2973 esset
874 2911 1030 2973 tribuenda
1064 2911 1164 2972 loanni
1197 2911 1298 2972 Dama-

151 3041 250 3082 scene.
299 3021 332 3081 ln
370 3024 462 3082 saeris
495 3023 574 3081 enim
606 3019 752 3100 parallelis
788 3017 900 3100 (loann.
936 3018 1014 3078 llam.
1044 3019 1088 3080 ed.
1117 3019 1249 3098 Lequien
1272 3019 1299 3078 ll

150 3122 231 3209 339)
255 3130 421 3190 afferuntur
443 3129 561 3188 loannis
580 3127 781 3207 Chrysostomi
805 3127 908 3201 verba,
932 3146 1007 3205 quae
1031 3129 1219 3206 excipiuntur
1242 3126 1299 3187 hoc

149 3235 329 3314 fragmento:
362 3229 462 3318 del)
486 3232 517 3296 oi
540 3231 727 3311 ἀςεβοῦντες
751 3230 851 3310 μόνον
859 3282 867 3314 ,
897 3231 979 3295 ἀλλὰ
1003 3231 1053 3295 καὶ
1077 3231 1107 3294 oi
1126 3230 1297 3309 δυνάμενοι

151 3340 209 3417 μὲν
232 3337 414 3427 ἀπαγαγεῖν
436 3344 492 3418 τῆς
516 3338 667 3419 ἀςεβείας,
692 3341 731 3417 μὴ
758 3337 947 3418 βουλόμενοι
967 3339 1002 3401 δὲ
1022 3337 1065 3401 δι’
1089 3337 1186 3402 ὄκνον
1205 3341 1224 3418 ἢ
1247 3340 1298 3402 διὰ

149 3441 320 3527 νώθειανΒ)
348 3444 466 3523 ὁμοίως
494 3445 692 3512 κολάζονται.
732 3448 764 3508 ln
793 3450 925 3527 margine
953 3456 1051 3508 autem
1080 3450 1224 3527 scriptum
1253 3457 1298 3509 est

149 3557 209 3617 τοῦ
237 3553 337 3617 αὐτοῦ
366 3548 398 3638 (i.
421 3574 446 3616 e.
471 3550 687 3638 chrysostomi)
716 3564 746 3616 et
772 3558 803 3615 in
833 3557 934 3616 codice
963 3555 1210 3637 Rupelucaldino,
1238 3575 1297 3634 quo

149 3665 235 3743 quasi
258 3663 450 3724 fundamento
474 3666 657 3724 recensionis
681 3666 786 3724 nititur
809 3663 954 3745 Lequien,
977 3665 1035 3725 τοῦ
1060 3661 1158 3724 αὐτοῦ
1182 3661 1217 3724 ἐκ
1239 3665 1298 3724 τοῦ

149 3763 179 3831 α’
194 3768 276 3845 πρὸς
296 3764 382 3853 (sici)
407 3766 588 3832 Ἰουλιανόν.
631 3770 733 3849 Neque
756 3778 854 3831 tamen
878 3774 1070 3831 inveniuntur
1094 3791 1127 3831 ea
1151 3771 1239 3831 verba
1267 3775 1296 3832 in

224 3946 250 4013 1)
269 3943 420 4014 Ephraemi
444 3945 542 3998 contra
565 3943 702 3997 lulianum
726 3944 848 3998 carmina
872 3944 960 3997 edidit
984 3945 1140 4012 Overbeek,
1167 3943 1193 3998 S.
1212 3944 1296 4012 Ephr.

96 4064 99 4069 ·
148 4033 214 4102 Syri
236 4035 289 4088 ete.
314 4050 399 4102 opera
424 4033 472 4087 sel.
498 4032 597 4086 Oxonii
623 4036 715 4103 1865,
732 4033 818 4087 vertit
843 4033 964 4102 Bickell‚
993 4033 1123 4088 Zeitschr.
1144 4034 1162 4086 f.
1177 4032 1295 4086 bathal.

147 4121 303 4193 Theologie
321 4120 348 4175 11
368 4125 436 4175 1878
455 4139 482 4190 p.
502 4126 652 4175 aaa-aaa.

221 4213 249 4281 2)
267 4213 325 4266 Οὐκ
343 4211 372 4266 in
391 4214 443 4280 οὐχ
461 4212 577 4266 mutavi.

220 4303 247 4370 3)
267 4303 392 4356 Νώθειαν
411 4301 509 4371 scripsi
527 4319 578 4372 pro
596 4301 718 4357 νοθείαν.
