2910 4688
493 223 551 279 'De
569 224 673 279 Iuliani
691 224 826 281 librorum
844 224 919 278 fatis.
1242 219 1285 284 29

135 393 314 453 Theodoreti
346 391 475 471 epistula
502 390 657 453 LXXXIII.
692 392 727 453 ad
756 391 930 452 Dioscorum
960 387 1188 448 Alexandrinum
1219 386 1286 447 data

134 494 218 582 (edit.
244 498 434 560 Schulziauae
454 498 490 559 IV
512 497 597 560 1146
612 494 685 582 so),
708 501 739 559 iu
764 517 821 577 qua
845 497 917 557 haec
940 497 1145 556 Inveniuntur:
1169 492 1202 556 ἓξ
1227 491 1284 569 μὲν
1392 484 1394 489 ’

134 604 195 682 γὰρ
225 603 279 683 ἔτη
309 604 469 667 διετέλεςα
499 599 655 667 διοάςκων
685 603 737 667 ἐπὶ
768 607 825 667 τοῦ
854 607 910 681 τῆς
938 599 1090 680 μακαρίας
1118 599 1168 662 καὶ
1198 596 1285 661 ὁςίας

135 713 256 790 μνήμης
281 710 444 775 Θεοδότου
453 706 478 797 ¹)
502 709 693 787 Ἀντιοχέων
716 709 887 773 ἐπιςκόποο
910 745 948 754 -
973 707 1170 785 τριςκαίδεκα
1188 704 1286 769 πάλιν

135 819 229 896 ἕτερα
253 818 305 881 ἐπὶ
324 822 382 881 τοῦ
406 818 560 896 μακαρίου
580 814 762 903 Ἰωάννουῖ)
783 853 824 862 -
848 818 929 895 πρὸς
948 817 983 880 δὲ
1002 816 1128 879 τούτοις
1148 811 1285 894 ἕβδομόν

134 925 219 989 ἐςτιν
237 923 310 988 ἔτος
329 929 387 988 τοῦ
406 924 656 1003 θεοφιλεςτάτου
676 922 923 1003 ἀρχιεπιςκόττου
943 922 1086 1004 Δρμνου.
1122 922 1172 985 καὶ
1196 923 1285 999 μέχρι

134 1037 190 1111 τῆς
215 1034 350 1112 ςήμερον
369 1032 488 1110 ἡμέρας
509 1032 664 1096 τοςούτου
687 1029 906 1109 παρελθόντος
930 1029 1049 1108 χρόνου
1069 1028 1130 1092 κτὲ.
1170 1031 1287 1110 Scripta

135 1150 235 1202 autem
264 1145 303 1202 sit
333 1161 455 1201 necesse
485 1152 531 1202 est
559 1151 625 1202 ante
655 1141 800 1221 synodum
829 1139 1181 1218 Constantiuopolitauam
1213 1157 1286 1220 eam,

137 1267 213 1327 quae
242 1251 361 1310 initium
389 1251 468 1328 cepit
491 1268 515 1308 a.
540 1249 566 1309 d.
590 1247 635 1308 Vl.
660 1248 699 1309 Id.
724 1248 795 1308 Nou.
819 1267 843 1308 a.
867 1245 941 1308 448.
983 1247 1056 1306 Nam
1080 1249 1104 1306 si
1129 1249 1195 1325 quis
1219 1256 1285 1325 per-

136 1356 243 1435 legerit
266 1357 431 1438 epistulam,
458 1357 565 1417 infitias
590 1375 648 1416 uon
672 1355 727 1416 ibit
749 1357 814 1416 lieri
838 1374 896 1415 nou
919 1356 1062 1434 potuisse,
1086 1357 1158 1433 quin
1182 1355 1286 1434 synodi

137 1466 317 1525 mentionem
347 1468 377 1525 in
406 1483 440 1525 ea
467 1465 578 1525 laceret
606 1462 825 1541 Theodoretus,
854 1465 878 1523 si
907 1463 982 1523 lacta
1011 1470 1082 1522 time
1110 1464 1168 1522 iam
1197 1469 1284 1543 esset,

137 1589 235 1650 neque
260 1573 383 1649 eogitari
406 1579 504 1650 potest
532 1579 634 1650 postea
663 1588 731 1629 eum
756 1570 890 1629 Dioscori
913 1571 1044 1630 animum
1068 1568 1125 1629 sibi
1148 1570 1284 1630 offensio·

137 1695 202 1736 rem
235 1676 407 1756 recolligere
437 1677 595 1738 studuisse.
624 1711 665 1720 -—
699 1677 801 1756 Neque
834 1695 905 1737 vero
938 1695 973 1736 ex
1002 1675 1085 1736 Illarii
1113 1674 1286 1737 Mercatoris

138 1784 264 1862 epistula
289 1803 304 1843 a
323 1784 486 1846 Fritzschio
510 1784 594 1844 allata
618 1794 716 1863 potest
735 1783 871 1844 concludi
896 1791 1045 1844 mortuum
1065 1802 1130 1844 esse
1151 1784 1284 1845 Theodo-

137 1900 201 1951 tum
215 1888 432 1953 Antiochenum
451 1895 476 1952 si
495 1894 593 1951 minus
613 1891 667 1952 sub
687 1894 767 1952 exitu
787 1910 811 1951 a.
826 1888 901 1972 428,
921 1898 950 1951 at
969 1898 1049 1951 certe
1069 1893 1152 1951 iuitio
1171 1911 1195 1952 a.
1210 1889 1284 1953 429.

139 1997 197 2060 Ubi
220 2017 290 2059 sane
310 1999 473 2079 appellatur
492 1998 663 2060 Theodotus
687 1992 771 2079 (bibl.
791 2007 859 2060 vett.
883 2007 958 2078 patr.
978 2017 1049 2062 cura
1069 1998 1211 2060 Gallandii
1229 1999 1296 2060 vol·

136 2105 202 2166 VIII
229 2127 256 2187 p.
281 2104 399 2189 650b)
434 2117 551 2167 sanctae
580 2109 738 2167 memoriae
768 2109 940 2186 episcopus3
972 2125 1068 2185 neque
1101 2124 1171 2167 uero
1205 2088 1307 2186 quic-⁴

137 2231 226 2291 quam
248 2214 316 2274 iude
341 2214 437 2294 colligi
456 2222 554 2293 potest
577 2216 635 2273 nisi
658 2214 749 2274 fuisse
769 2224 840 2275 tunc
860 2214 1004 2275 Theodoti
1024 2216 1128 2275 mortis
1147 2217 1285 2276 nuntium

137 2338 196 2379 non
226 2323 472 2382 recentissimum.
510 2321 613 2399 Neque
641 2340 711 2380 vero
740 2323 898 2400 quicquam
927 2329 1043 2381 constat
1071 2315 1123 2402 (cl.
1153 2321 1284 2382 eiusdem

137 2430 236 2506 operis
259 2448 287 2507 p.
312 2425 375 2490 648
391 2423 427 2512 C)
455 2429 491 2488 de
516 2427 600 2488 Marii
623 2427 795 2488 Mercatoris
819 2430 1037 2489 commonitorii
1066 2436 1198 2508 tempore
1227 2432 1285 2490 uisi

137 2537 282 2614 scriptum
310 2554 376 2596 esse
400 2535 551 2596 Florentio
583 2543 612 2596 et
636 2535 774 2615 Dionysio
799 2555 887 2616 coss,
917 2537 968 2615 qui
996 2537 1128 2596 inierunt
1151 2536 1284 2597 consula·

138 2649 200 2702 tum
224 2640 285 2702 Xal.
309 2642 369 2702 lan.
393 2660 417 2702 a.
441 2639 522 2723 4293
551 2661 585 2703 co
615 2645 765 2721 igiturne
789 2643 982 2722 prohibemur
1006 2643 1125 2722 quidem
1154 2651 1284 2705 statuere

120 2758 288 2810 ,mortuum
312 2769 377 2810 esse
397 2749 582 2810 Theodotum
601 2750 696 2830 pridie
715 2750 776 2811 Kal.
796 2750 860 2811 Oct.
880 2770 903 2811 a.
919 2747 993 2811 429.
1022 2750 1196 2813 Theodorus
1215 2771 1284 2813 vero

136 2855 365 2935 Mopsuestenus
389 2866 456 2917 ame
480 2856 666 2918 Theodotum
694 2859 773 2919 diem
800 2876 971 2937 supremum
996 2857 1068 2920 oblit
1091 2866 1167 2920 teste
1191 2859 1285 2919 'Ilieo-

138 2963 250 3023 doreto.
289 2963 347 3034 Qui
371 2964 489 3041 quidem
514 2964 541 3024 h.
565 2983 590 3024 e.
617 2964 639 3023 V
662 2963 705 3025 40
728 2984 756 3044 p.
779 2963 845 3025 494
869 2960 940 3025 κατ’
964 2964 1089 3027 ἐκεῖνον
1113 2965 1156 3042 δὲ,
1180 2969 1285 3047 inquit,

136 3067 196 3131 τὸν
219 3066 351 3146 χρόνον,
376 3066 450 3132 καθ’
472 3069 511 3132 ὃν
534 3066 553 3130 ὁ
582 3073 668 3132 θεῖος
692 3068 853 3133 Θεόδοτος
881 3071 940 3148 τήν
964 3068 1154 3149 Ἀντιοχέων
1176 3069 1285 3135 ἴθυνεν

137 3174 315 3253 ἐκκληςίαν,
340 3173 511 3253 Θεόδωρος
534 3175 552 3237 ὁ
578 3175 801 3253 Μοψουεςτίας
825 3176 1007 3256 ἑπίςκοπος,
1032 3176 1131 3256 πάςης
1155 3179 1212 3256 μὲν
1236 3179 1284 3243 έκ-

137 3281 264 3359 κληςίας
288 3280 475 3345 διδάςκαλος
499 3283 578 3345 κατὰ
597 3282 697 3361 πάςης
721 3284 756 3347 δὲ
776 3282 945 3361 φάλαγγος
965 3284 1121 3365 αἱρετικής
1145 3285 1284 3364 ἀριςτεύ-

138 3406 202 3465 coc,
226 3392 283 3451 τοῦ
308 3388 377 3468 βίου
400 3390 438 3452 τὸ
461 3391 554 3453 τέλος
577 3390 717 3454 ἐδέξατο.
756 3393 871 3464 Quibus
895 3412 910 3453 e
942 3394 1039 3454 verbis
1066 3396 1171 3474 procul
1195 3395 1284 3456 dubio

137 3496 327 3557 efficiendum
360 3507 406 3557 est
438 3497 515 3559 haud
549 3502 588 3559 ita
622 3499 710 3559 breve
744 3500 836 3560 luisse
869 3508 987 3580 tempus
1019 3504 1097 3562 inter
1130 3521 1285 3582 supremos

138 3601 286 3663 Theodori
310 3613 340 3664 et
363 3603 510 3666 Theodoti
533 3606 604 3665 dics.
642 3606 724 3677 Quae
747 3626 815 3668 cum
840 3611 878 3669 ita
903 3610 970 3690 sint,
993 3609 1023 3669 id
1047 3616 1128 3668 certe
1153 3616 1284 3669 statuere

137 3728 297 3790 possumus
321 3730 380 3772 uon
404 3714 434 3772 in
459 3721 589 3774 extrema
613 3722 697 3794 parte
715 3718 790 3776 >anni
814 3718 967 3776 centesimi
997 3718 1092 3795 quinti
1116 3715 1284 3777 Theodore-

142 3851 355 3860 n—..—--.-..

212 3922 237 3986 1)
257 3917 360 3989 Vocem
378 3924 429 3986 τῆς
446 3923 510 3990 post
527 3921 667 3976 Θεοδότου
686 3937 704 3975 a
723 3921 868 3977 Sismondo
888 3923 1026 3979 adiectam
1047 3923 1124 3981 eieci

210 4010 237 4076 2)
259 4007 339 4078 Vulg.
364 4010 408 4062 ἐπὶ
425 4015 477 4062 τοῦ
500 4014 551 4078 τῆς
570 4010 645 4064 cclcc
667 4013 711 4065 καί
735 4011 868 4079 μακαρίας
886 4015 994 4081 μνήμης
1013 4016 1141 4069 Ἰωάννου
1159 4020 1210 4070 τοῦ
1230 4015 1284 4068 ἑπι-

138 4097 250 4151 ςκόπου.
288 4097 392 4167 Recepi
412 4098 515 4152 codicis
535 4099 723 4155 Sirmondiani
746 4100 925 4170 scripturam,
949 4085 1026 4156 cuius
1050 4103 1137 4158 etiam
1161 4121 1284 4174 eaquae

138 4188 295 4255 sequuntur
308 4187 395 4241 verba
408 4189 439 4241 ὃς
452 4193 587 4243 τοςοῦτον
602 4189 704 4245 ἰαίνετο
717 4180 773 4243 ’ὑπὸ
789 4191 992 4257 διαλεγομένων
1006 4195 1086 4260 ήμῶν
1100 4192 1284 4264 praeferenda

137 4291 198 4330 esse
221 4278 358 4345 appareat
380 4276 512 4346 vulgatae
536 4277 689 4347 scripturae
712 4279 745 4333 ὃς
764 4284 901 4335 τοςουτον
925 4281 1070 4345 tabacum
1087 4282 1157 4346 χωρή
1172 4284 1310 4336 ‘sams-

133 4365 229 4430 μὲνων
246 4367 331 4430 ήμῶν.
