2910 4688
146 167 190 232 32
328 160 333 167 ’
399 254 402 260 Δ
429 199 432 205 ·
653 170 745 241 Caput
761 171 782 225 Ι.

150 333 254 396 relicta
273 335 426 396 Antiochia
446 335 655 422 Mopsuestiam
676 327 820 419 migravit,
843 337 895 398 scd
919 344 1005 399 antea
1024 339 1149 398 Tarsum
1174 353 1205 396 se
1230 354 1299 397 con·

150 442 218 503 tulit
251 449 326 504 teste
355 436 537 526 Hesycbio.¹)
584 443 668 515 Qrtod
705 446 745 504 si
764 463 920 506 censemus
953 444 1080 506 voluisse
1110 450 1302 512 Theodorum

150 549 226 609 libro
251 568 305 610 suo
325 551 447 629 gratiam
471 551 584 611 'referre
604 550 742 632 Diodoro,
766 551 835 612 lacti
855 554 901 613 sui
921 555 1065 614 rationem
1085 556 1208 618 Libanio
1231 576 1300 637 pro-

148 655 236 738 bare,
259 656 337 717 baud
363 657 506 719 absonum
526 657 642 719 videtur
661 657 697 719 de
717 677 776 737 quo
796 663 1000 738 quaestionem
1019 665 1204 726 instituimus
1228 672 1301 725 tem·

146 767 227 840 poris
253 774 436 825 momentum
458 767 582 844 propius
612 764 715 826 abesse
732 765 775 826 *ab
800 785 876 827 anno
900 764 1042 848 tralata
1071 790 1160 850 quam
1188 771 1224 833 ab
1254 790 1300 851 eo,

148 890 206 951 quo
226 871 351 933 Tarsum
376 890 407 933 se
432 871 557 932 contulit
580 871 764 933 Theodorus.

236 977 296 1039 lam
307 998 377 1039 vero
392 986 560 1058 temporum
571 979 777 1058 disquisitione
788 980 824 1041 ad
836 982 924 1042 linem
939 984 1082 1062 perducta
1099 1005 1180 1047 nunc
1195 1004 1299 1065 possu-
1349 1018 1359 1025 ’

81 1121 83 1125 ⁴
110 1111 113 1117 ’
149 1105 254 1147 nrtrsne
269 1089 357 1147 etiam
377 1105 445 1147 cum
465 1087 590 1165 quadam
610 1087 825 1166 probabilitatis
841 1091 939 1169 specie
955 1093 1102 1172 conicere,
1122 1092 1223 1172 quales
1238 1094 1300 1153 lue·

150 1196 212 1253 rint
230 1192 377 1252 Theodori
396 1192 464 1252 libri
483 1193 641 1255 videamus.
675 1193 738 1264 Qua
758 1194 794 1254 de
810 1213 842 1254 re
857 1194 930 1255 nibil
949 1206 1050 1275 aperte
1071 1199 1212 1260 traditum
1235 1216 1301 1259 esse

99 1278 113 1388 ἰ
153 1319 239 1361 nemo
255 1299 420 1379 mirabitur,
435 1318 502 1359 cum
517 1301 583 1360 ficri
596 1303 737 1382 potuerit,
755 1309 789 1362 nt
803 1303 952 1362 exstitisse
972 1321 1023 1362 eos
1040 1307 1159 1365 omnino
1178 1322 1300 1384 negare·

151 1417 209 1469 tur.
241 1407 344 1487 Neque
364 1408 442 1467 enim
458 1409 615 1485 quiequam
635 1407 671 1467 de
690 1406 834 1467 librorum
849 1409 1073 1470 numero-effici
1091 1418 1189 1489 potest
1208 1413 1300 1471 exiis

151 1514 258 1590 verbis,
277 1532 352 1592 qnae
367 1516 559 1575 inveniuntur
574 1523 641 1575 ante
661 1514 822 1592 fragmenta
842 1518 980 1597 primum,
999 1516 1134 1598 alterum,
1153 1520 1300 1596 quintum.

151 1621 195 1681 Ex
210 1620 331 1682 vocibns
341 1623 420 1681 enim
430 1619 465 1682 ἐκ
478 1624 534 1698 τῆ(
545 1620 625 1697 πρὸ(
635 1617 809 1683 Ἰουλιανὸν
824 1641 882 1682 non
893 1622 1090 1702 colligendum
1102 1630 1148 1684 est
1163 1642 1222 1684 uno
1237 1631 1300 1684 tan-

152 1738 215 1789 tum
230 1727 306 1788 libro
322 1726 510 1788 Theodorum
531 1727 642 1789 Iuliano
659 1729 845 1789 adversatum
859 1748 938 1811 esse,
958 1748 1024 1791 nam
1040 1729 1145 1790 eodem
1159 1731 1224 1789 iure
1241 1748 1300 1807 quo

152 1854 207 1895 vox
233 1831 350 1911 βίβλου,
374 1836 463 1894 immo
488 1834 609 1894 meliore
633 1837 663 1894 in
687 1836 837 1896 inferioris
861 1839 965 1897 aetatis
988 1840 1144 1917 scriptore,
1168 1835 1302 1915 suppleri

152 1950 250 2022 potest
270 1943 461 2018 (υγγραφῆε.
499 1941 610 2003 Eadem
629 1952 727 2003 autem
748 1950 818 2003 sunt
841 1942 964 2008 dicenda
983 1943 1020 2003 de
1039 1946 1075 2004 iis
1094 1942 1201 2023 verbiS,
1225 1960 1300 2020 quae

153 2049 292 2128 leguntur
320 2058 387 2110 ante
416 2051 613 2130 fragmentum
646 2053 788 2132 primum,
822 2069 880 2129 quo
910 2050 1030 2129 quidem
1058 2050 1123 2111 loco
1152 2052 1240 2110 etiam
1262 2049 1302 2109 id

147 2156 276 2217 llubinm
301 2175 379 2238 esse,
408 2167 509 2219 utrum
533 2157 568 2220 ἐκ
590 2161 645 2236 τῆ(
674 2158 863 2219 scribendum
888 2166 967 2219 esset
996 2177 1033 2219 an
1057 2157 1091 2218 ἐκ
1119 2159 1185 2220 τῶν
1213 2175 1303 2236 supra

154 2262 284 2325 breviter
303 2267 434 2343 exposui.
468 2266 508 2325 Ac
529 2284 565 2325 ne
585 2274 648 2326 tum
668 2266 797 2347 quidem,
817 2267 842 2324 si
860 2263 896 2325 ἐκ
914 2266 980 2324 τῶν
999 2282 1066 2324 vera
1087 2267 1125 2324 sit
1144 2266 1302 2343 scriptura,
1354 2342 1357 2348 .

155 2390 228 2451 quae
257 2376 307 2432 'est
340 2374 428 2432 etiam
459 2380 527 2432 ante
560 2372 757 2448 fragmentum
793 2371 916 2432 alterum
946 2363 1018 2453 (τοῦ
1047 2367 1146 2432 αὐτοῦ
1175 2369 1210 2431 ἐκ
1236 2371 1303 2432 τῶν

155 2475 290 2560 αὐτῶν),
319 2498 355 2539 ex
379 2478 439 2539 sola
463 2478 517 2539 bae
541 2478 639 2558 colligi
662 2486 761 2558 potest
784 2479 953 2539 constitisse
978 2464 1126 2538 Tireodori
1150 2478 1302 2538 relntatio·

156 2606 225 2647 nem
244 2586 327 2647 libris
346 2584 558 2665 compluribus.
591 2585 681 2645 Posse
701 2587 779 2645 enim
798 2603 886 2645 voces
904 2585 970 2646 τῶν
985 2580 1092 2644 αὐτῶν
1111 2601 1176 2644 esse
1192 2586 1304 2663 geneti-

156 2713 226 2754 vum
249 2694 392 2774 pluralem
416 2695 552 2753 neutrius
575 2695 693 2772 generis
717 2695 818 2773 negari
846 2695 957 2771 nequit.
997 2690 1210 2752 Verumenim
1233 2709 1303 2751 vero

157 2820 224 2863 eum
248 2803 278 2862 in
302 2801 447 2891 eiusmodi
471 2799 700 2861 refutationibus
724 2800 961 2861 adversariorum
991 2797 1078 2859 verba
1103 2799 1171 2859 lere·
1189 2800 1303 2876 integra

157 2913 187 2969 in
214 2916 385 2969 contextum
410 2910 551 2969 orationis
576 2918 675 2969 essent
700 2908 866 2988 recipienda
887 2909 982 2985 iisque
1001 2908 1064 2984 ipsa
1082 2923 1208 2966 censura
1227 2914 1307 2964 esset

157 3015 302 3097 addenda,
331 3034 424 3077 irnmn
447 3014 524 3075 Celsi
553 3024 619 3075 octo
647 3014 731 3075 libris
755 3016 936 3094 impugnavit
964 3012 1123 3093 Origenes,
1149 3010 1308 3089 Porphyrii

158 3123 327 3204 quindecim
350 3125 454 3202 viginti
478 3125 608 3201 quinque
633 3122 794 3203 EusebiuS,
818 3121 1014 3200 Apollinarins
1033 3120 1167 3198 triginta,
1194 3116 1306 3177 Metho-

158 3233 224 3293 dins
244 3231 346 3292 decem
367 3230 485 3291 milibus
503 3249 651 3291 versuum.
686 3229 767 3300 Quae
782 3247 850 3288 cum
869 3230 908 3288 ita
930 3229 999 3308 sint,
1017 3225 1201 3287 confidenter
1220 3241 1305 3301 nega-

160 3358 225 3400 mns
248 3357 338 3418 parvo
362 3337 460 3398 libello
484 3337 674 3398 Theodorum
698 3340 874 3397 insectatum
900 3353 965 3394 esse
988 3333 1142 3394 lulianum.
1181 3331 1244 3402 Qua
1268 3329 1305 3389 de

159 3467 192 3508 re
215 3446 300 3526 plura
324 3448 348 3505 si
372 3447 508 3505 conicere
539 3445 693 3526 vellemus,
724 3446 830 3504 nimiae
854 3441 1306 3520 curiositatis>vituperationem

134 3626 137 3631 ⁵
160 3556 266 3614 merito
291 3551 467 3613 subiremus.
510 3553 648 3631 Inscripti
677 3561 775 3611 etitem
800 3557 883 3610 erant
908 3547 1016 3627 singuli
1040 3547 1108 3609 libri
1132 3541 1306 3617 Θεοδώρου

162 3656 385 3735 Μοψουεετίαε
410 3657 490 3735 πρὸ(
513 3657 568 3719 τὰς
597 3655 676 3718 κατὰ
701 3654 894 3732 Χριετιανῶν
918 3650 1108 3730 κατηγορία(
1132 3647 1307 3713 Ἰουλιανοῦ

160 3769 218 3830 τοῦ
238 3763 423 3843 παραβάτου
449 3763 569 3844 βιβλίον
588 3765 718 3841 πρῶτον
741 3781 794 3824 seu
818 3758 914 3837 τόμο(
934 3760 1070 3836 πρῶτος,
1096 3754 1216 3835 βιβλίον
1236 3754 1307 3817 δεύ-

161 3892 257 3950 τερον
281 3893 334 3934 seu
357 3870 454 3950 τόμο(
478 3870 628 3948 δεύτερος
652 3878 707 3933 etc.
744 3870 776 3930 lt
800 3870 879 3949 qnod
898 3869 1026 3929 ellicitur
1050 3885 1085 3926 cx
1110 3865 1208 3924 verbis
1232 3865 1308 3940 lrag·

237 4139 261 4207 t)
280 4135 417 4192 Harduini
436 4136 508 4189 aeta⁴
519 4131 708 4187 conciliorum.
740 4130 861 4186 Parisiis.
878 4136 954 4185 1714.
974 4129 1022 4184 iol.
1037 4129 1076 4182 ΙΙΙ
1090 4145 1117 4196 p.
1135 4125 1232 4179 104A:
1252 4125 1308 4177 An-

162 4227 269 4280 tiochia
282 4227 382 4281 relicta
394 4225 424 4279 in
439 4224 556 4278 Tarsum
571 4219 793 4289 transmigravit:
813 4237 847 4274 ex
861 4236 917 4288 qua
931 4219 960 4272 in
974 4215 1174 4287 Mopsuestiam
1189 4213 1310 4281 transiit,

142 4314 297 4366 otdrinatus
313 4315 345 4368 in
365 4332 399 4370 ea
419 4314 579 4384 episcopus.
