2910 4688
162 169 183 228 4
675 174 766 244 Capul
783 176 803 230 l.

161 332 225 393 loco
244 335 274 394 id
294 335 379 397 nobis
398 355 457 397 non
477 338 640 399 curandum
660 348 713 420 est,
733 339 812 419 quod
831 341 958 400 coniecit
977 339 1103 419 Cyrillus
1122 350 1220 402 133133
1240 342 1307 402 tidei
1329 335 1331 337 ¹

161 442 299 503 defensor
323 443 359 503 de
383 443 498 505 diabolo
518 444 622 506 Iuliani
646 447 820 508 delectionis
843 457 964 508 auctore
988 466 1084 526 neque
1104 448 1308 531 dubitandum,

160 553 232 628 quin
246 551 344 611 verbis
359 551 416 613 τὸν
431 549 534 626 ἁγίαις
554 550 726 628 ἐκκληςίαι(
744 553 795 616 καὶ
814 552 1037 643 μοναετηρίοιει
1052 553 1307 633 ἐντεθραμμένον

160 657 308 719 rhetorice
332 660 418 721 dictis
442 660 515 721 nihil
539 662 703 740 significare
727 661 867 743 voluerit,
890 665 948 723 uisi
974 664 1120 724 lulianum
1141 663 1307 725 Christiana

158 767 345 826 institutione
373 786 459 827 usum
490 787 564 828 esse.
607 768 687 839 Quae
716 771 741 828 si
770 773 941 852 statuimus,
969 773 1025 830 iam
1055 789 1134 831 nunc
1163 780 1244 832 recte
1274 791 1305 832 se

100 936 102 938 ,
158 871 267 934 11311331
282 875 392 935 omnia:
407 874 499 934 luisse
512 874 658 935 lulianum
673 883 830 955 antequam
847 895 946 937 rerum
962 880 1110 956 potiretur
1124 880 1154 938 13
1166 877 1305 939 611113113-

145 999 264 1041 norum
288 1000 428 1063 numero,
453 984 569 1043 assidue
593 983 740 1044 lectitasse
761 1002 843 1044 sacra
862 1003 966 1045 eorum
990 987 1108 1065 scripta,
1132 988 1305 1065 concepisse

157 1090 266 1149 veteris
289 1089 442 1169 religionis
461 1108 591 1152 amorem
611 1091 782 1152 auctoribus
806 1091 989 1171 philosophis
1012 1100 1132 1152 renatae
1152 1093 1304 1153 doctrinae

158 1195 324 1257 Platonicae
344 1197 473 1258 asseclis.
511 1197 592 1268 Quae
612 1217 679 1259 cum
703 1200 742 1282 ita
767 1201 839 1280 sint,
863 1198 1010 1259 nonlicet
1033 1202 1186 1277 aspernari
1205 1198 1305 1278 Cyrilli

157 1305 192 1365 de
226 1305 372 1385 baptismo
402 1305 505 1366 Iuliani
536 1308 748 1367 testimonium.
791 1305 875 1375 Quod
909 1309 934 1366 si
962 1326 998 1366 311
1026 1305 1124 1385 aliquo
1157 1309 1303 1386 scriptore

156 1411 254 1473 hausit
273 1431 353 1474 nunc
372 1411 539 1492 deperdito,
558 1415 667 1491 gratias
687 1416 715 1473 31
733 1431 854 1491 agemus
874 1413 953 1491 quod
973 1414 1054 1474 solus
1073 1414 1158 1474 nobis
1178 1417 1304 1496 servavit

155 1520 244 1581 huius
268 1523 311 1580 rei
335 1521 482 1599 notitiam;
510 1521 556 1578 sin
580 1528 691 1600 autem,
714 1519 744 1579 id
768 1519 847 1598 quod
871 1522 933 1580 veri
957 1521 1082 1581 similius
1106 1530 1166 1603 est,
1190 1525 1302 1601 scripto

154 1626 230 1688 libro
255 1645 313 1687 non
338 1625 467 1686 adhibito
492 1626 570 1705 quod
599 1629 740 1686 memoria
769 1626 888 1688 tenebat
915 1626 1023 1687 litteris
1046 1628 1190 1709 condidit,
1220 1628 1300 1689 colli-

154 1733 283 1812 gendum
310 1735 379 1795 inde
404 1738 461 1797 erit
484 1754 543 1795 non
571 1734 721 1795 dubitasse
746 1753 796 1794 eos
825 1737 876 1813 qui
904 1746 976 1796 tunc
1006 1736 1128 1796 luerunt
1156 1734 1300 1817 homines,

155 1843 226 1919 quin
249 1840 394 1921 baptismo
419 1844 449 1902 13
468 1840 701 1902 Christianorum
722 1860 880 1903 numerum
905 1852 1043 1922 receptus
1063 1851 1143 1903 esset
1161 1842 1301 1924 Iulianus,

154 1967 252 2028 neque
276 1952 432 2028 quisquam
459 1948 616 2009 mirabitur
640 1951 800 2028 scriptores
829 1949 902 2009 nihil
925 1949 962 2010 de
986 1968 1020 2010 33
1044 1968 1076 2009 13
1104 1949 1211 2010 11113113
1234 1969 1302 2030 pro-

154 2056 263 2116 didisse
287 2075 361 2136 quae
386 2055 601 2117 dubitationem
624 2075 683 2116 non
712 2055 842 2116 haberet.
884 2056 988 2136 Neque
1018 2057 1233 2136 neglegendum
1257 2067 1303 2119 331

125 2211 126 2214 1
154 2163 255 2241 CyrIlli
277 2162 374 2224 locum
399 2163 435 2223 de
455 2182 513 2242 quo
535 2165 649 2242 egimus
668 2182 734 2224 esse
759 2165 788 2223 in
808 2163 1017 2223 acclamatione
1036 2164 1072 2224 ad
1091 2166 1301 2244 imperatorem

153 2270 360 2332 Theodosium.
398 2270 501 2349 Neque
521 2273 618 2331 miuus
639 2288 727 2349 quam
746 2268 847 2348 Cyrllli
866 2269 955 2329 verba
979 2270 1111 2331 fabulosa
1135 2271 1171 2330 de
1188 2270 1300 2331 Iuliano

153 2381 282 2457 narratio
311 2378 431 2457 Syriaco
460 2380 569 2457 scripta
602 2377 639 2438 de
671 2379 765 2457 ipsius
797 2377 942 2456 baptismo
971 2379 1118 2438 nemiuem
1148 2378 1299 2439 dubitasse

154 2486 316 2546 confirmat.
349 2486 390 2546 lle
411 2505 469 2565 quo
489 2485 596 2567 libello,
616 2488 666 2565 qui
685 2487 835 2546 invenitur
855 2487 884 2545 in
905 2486 1006 2545 codice
1027 2488 1122 2546 musei
1138 2486 1300 2548 Britannici

152 2591 347 2655 Rich-7192
372 2613 446 2654 saec.
471 2592 528 2654 VH.
562 2612 658 2674 nuper
686 2596 745 2673 egit
773 2593 949 2654 Theodorus
976 2592 1125 2653 Noeldelce
1162 2595 1192 2652 iu
1226 2596 1300 2654 actis

152 2703 302 2762 societatis
326 2701 517 2762 Germanicae
541 2699 700 2762 0113313113
724 2701 778 2761 vol.
797 2700 925 2761 XXVIII.
949 2696 1081 2762 31874
1103 2719 1131 2779 p.
1152 2697 1216 2760 660
1232 2719 1295 2780 sqq.

151 2807 208 2868 Ubi
231 2808 304 2869 haec
327 2811 519 2869 inveniuntur
543 2826 559 2866 a
582 2806 742 2867 Noeldekio
767 2806 941 2868 Germanice
966 2803 1097 2873 reddita:
1121 2826 1148 2886 p.
1174 2804 1238 2869 668
1263 2807 1299 2868 113

152 2924 232 2995 sagte
254 2916 290 2976 er
315 2909 370 2999 (sc.
394 2916 447 2976 der
466 2909 574 2996 Engel)
597 2914 658 2974 ihm
682 2908 736 2994 (se.
761 2914 827 2975 dem
848 2907 1010 2993 Heiligenl:
1034 2913 1082 2972 ich
1106 2913 1214 2974 wischc
1238 2914 1300 2974 ihm

152 3017 207 3106 (se.
231 3023 297 3083 dem
317 3018 428 3105 Julian)
452 3022 504 3082 das
527 3021 633 3100 heiIIge
654 3020 855 3082 Christeutum
880 3021 929 3102 ab,
952 3024 1006 3081 mit
1025 3021 1092 3080 dem
1112 3039 1145 3080 er
1169 3040 1221 3081 aus
1245 3021 1299 3080 dec

151 3130 243 3190 Taule
263 3131 317 3191 her
335 3130 483 3191 behleidet
503 3148 575 3209 war3
596 3149 623 3208 p.
640 3126 705 3190 670
724 3130 825 3190 131331
844 3137 925 3207 sagte
945 3127 998 3187 der
1012 3125 1172 3204 Philosoph
1187 3126 1300 3208 Theon,

151 3238 205 3297 der
233 3237 290 3298 den
314 3237 413 3297 Iulian
441 3256 493 3297 aus
522 3236 576 3296 der
599 3214 691 3296 Taule
720 3235 854 3314 gehobeu
883 3234 976 3313 batte3
1005 3250 1033 3310 p.
1058 3230 1123 3293 670
1152 3233 1193 3293 als
1218 3236 1300 3294 eines

151 3346 246 3425 Tages
270 3393 275 3405 .
296 3393 302 3405 .
323 3393 328 3404 .
349 3392 355 3405 .
380 3344 432 3404 der
451 3343 612 3423 Philosoph
632 3343 735 3403 Theon
759 3361 825 3402 zum
844 3340 941 3401 Iulian
965 3339 1085 3417 sprach:
1109 3389 1115 3401 .
1135 3388 1141 3400 .
1162 3388 1168 3400 .
1189 3387 1196 3401 .
1223 3341 1298 3420 Sage

152 3454 208 3511 mic
232 3451 303 3532 also,
326 3460 444 3511 wenn'.
465 3498 471 3509 .
492 3499 497 3510 .
523 3450 563 3509 du
582 3449 686 3511 Kaiser
708 3451 800 3529 wirst,
820 3466 879 3507 was
899 3447 982 3507 thust
1000 3447 1040 3507 du
1060 3447 1137 3507 dann
1157 3450 1222 3529 mIr,
1246 3448 1300 3508 der

151 3559 199 3619 ich
223 3559 291 3619 dieb
314 3577 367 3618 aus
391 3559 458 3618 dem
481 3558 669 3618 Taulwasser
697 3553 832 3635 gehoben
856 3556 917 3616 und
946 3555 993 3616 dic
1016 3553 1161 3615 Weisheit
1184 3554 1299 3632 gelehrt

105 3706 116 3721 -.
151 3664 247 3727 habe?
280 3666 360 3737 Quae
386 3684 564 3745 quamquam
587 3669 617 3726 in
640 3662 769 3724 sabulosa
794 3642 962 3723 narratione
986 3665 1191 3744 inveniuntur,
1215 3663 1297 3724 lucu-

150 3774 246 3833 lenter·
275 3782 371 3833 tamen
400 3774 575 3853 ostendunt,
605 3791 680 3852 quae
704 3771 740 3831 de
764 3770 868 3830 Iuliani
896 3769 1041 3850 baptismo
1070 3772 1219 3830 senserint
1247 3773 1299 3849 qui

150 3901 225 3941 saec.
247 3880 290 3941 Vl.
327 3881 448 3942 luerunt
480 3881 623 3940 homines.
670 3878 705 3938 Ei
738 3881 817 3938 enim
850 3881 977 3956 tempori
1012 3877 1198 3938 tribuendam
1232 3897 1297 3938 esse

151 3992 349 4050 narrationem
374 3987 509 4068 probavit
530 3985 710 4047 Noeldelrius
729 3985 746 4046 l.
766 3985 783 4045 l.
822 3985 902 4056 Quae
928 4005 996 4046 cum
1018 3988 1058 4045 ita
1082 3987 1155 4065 sint,
1179 4002 1297 4044 causam

150 4115 215 4156 esse
240 4115 324 4177 nego,
348 4115 403 4158 cur
427 4098 624 4167 assentiamur
642 4093 777 4155 Moechio
802 4102 852 4154 aut
870 4093 973 4154 Rodio.
1010 4092 1113 4170 Neque
1137 4110 1296 4151 1313333-

142 4206 276 4262 fidenter
292 4206 492 4281 pronuntiare
522 4203 625 4264 dubito
649 4200 794 4262 lulianum
817 4200 955 4279 baptismi
983 4201 1157 4278 participem
1186 4197 1296 4259 lactum

118 4317 196 4372 esse,
223 4323 297 4363 cunr
317 4307 448 4368 Adolsus
466 4309 608 4371 Harnack
634 4312 767 4372 animum
792 4326 891 4369 meum
914 4307 1088 4367 advertisset
1110 4305 1146 4364 ad
1167 4304 1297 4366 Socratis
