2910 4688
518 158 560 213 De
578 158 681 213 Iuliani
699 159 836 214 librorumv
852 156 925 212 fetis.
1259 157 1301 220 15

148 318 286 408 Niceni¹)
317 325 472 386 conlectus
504 324 641 385 mandato
665 325 897 386 clarissimorum
921 323 1083 385 Doctorum
1107 323 1301 383 Dominorum

100 424 102 429 ’
151 432 318 494 Sebastiani
340 417 509 514 Foscareni,
532 432 624 494 Marci
647 433 767 495 Antonii
786 433 915 514 Venerii,
938 439 968 493 et
990 430 1103 491 Nicolai
1127 429 1171 490 de'
1196 427 1298 491 Ponte'

152 541 295 602 Gimnasii
317 540 561 622 reformatorum,
589 550 623 602 ut
651 548 772 602 senatus
796 539 965 602 consultum
989 557 1004 598 a
1027 536 1077 597 XV
1097 538 1302 620 virisjbfactum

149 651 239 711 tertio
264 648 402 710 calendas
426 646 557 727 januarii
580 656 830 730 exsequerentur,
860 649 963 709 ordine
992 646 1145 708 literarum
1176 653 1301 705 servato.

109 780 111 784 ·
150 757 187 817 M.
201 757 235 817 D.
250 750 386 838 ΧΙΝΞ).κ
413 755 446 816 ln
463 775 522 836 quo
537 759 577 817 ita
592 758 690 836 agitur
709 756 746 817 de
760 755 887 817 Macerio
902 755 1050 835 Magnete:
1070 749 1125 814 ‘14
1134 752 1166 814 A.
1187 752 1305 830 Magne-

153 866 191 924 tis
215 872 319 925 contra
341 847 469 948 Grecos,
497 866 560 924 sine
589 862 698 924 tabulis
721 866 752 923 in
779 881 899 943 papyro.
928 857 970 922 n⁰.
994 856 1079 922 625’.
1120 860 1190 922 Fuit
1212 861 1303 939 igitur

151 971 283 1032 Venetus
303 971 395 1032 codex
414 972 589 1033 chartaceus
608 990 705 1051 neque
724 970 754 1031 id
773 970 896 1031 dubium
917 988 982 1038 esse
1001 977 1108 1050 potest,
1127 969 1200 1047 quin
1219 968 1305 1026 initio

152 1079 243 1140 fuerit
262 1088 292 1140 et
311 1081 368 1140 line
389 1079 520 1161 mutilus,
540 1098 607 1139 cum
628 1078 795 1139 tabularum
810 1080 941 1139 caruerit
961 1086 1140 1156 tegumento.
1167 1075 1306 1136 Fortasse

152 1187 186 1246 ad
207 1195 324 1247 certum
347 1188 436 1248 linem
460 1187 584 1265 perduci
607 1194 706 1266 potest
725 1189 858 1265 quaestio
879 1186 979 1246 codice
1000 1184 1173 1245 Atheniensi
1196 1185 1306 1243 iterum

156 1295 300 1375 inspecto,
314 1296 345 1354 in
361 1312 420 1373 quo
435 1292 633 1372 complurium
648 1295 840 1354 inveniuntur
854 1292 1044 1353 librariorum
1059 1310 1171 1353 manus.
1195 1291 1305 1351 Notum

153 1409 251 1461 autem
276 1410 322 1462 est
344 1400 492 1481 permulta
516 1400 722 1461 Bessarionem
745 1403 776 1460 in
801 1399 952 1461 codicibus
976 1402 1039 1460 suis
1061 1399 1227 1481 adnotasse,
1252 1417 1302 1458 no·

153 1509 302 1568 tissimum
330 1510 479 1569 minutum
507 1509 601 1588 ipsius
630 1516 660 1568 et
688 1507 806 1568 difficile
835 1507 915 1569 lectu
943 1508 1184 1587 chirographum3
1215 1515 1303 1586 atque

154 1617 218 1677 eius
242 1616 369 1675 sortasse
394 1623 512 1675 exstant
535 1614 667 1694 exempla
691 1617 722 1675 in
746 1614 847 1675 codice
873 1634 952 1676 nunc
976 1615 1157 1676 Atheniensi.

243 1721 397 1794 Quomodo
422 1730 519 1783 autem
549 1725 712 1802 inscriptus
737 1732 816 1784 esset
839 1723 958 1783 Macarii
980 1723 1123 1802 Magnetis
1146 1722 1221 1783 liber
1245 1741 1304 1783 non

153 1837 235 1890 recte
260 1829 429 1909 explorasse
458 1829 574 1890 videtur
603 1830 675 1891 mihi
698 1829 821 1891 Carolus
844 1830 980 1910 Blondel,
1009 1849 1025 1890 a
1054 1849 1112 1908 quo
1136 1829 1256 1890 Parisiis
1280 1849 1304 1891 a.

157 1933 242 1998 1816
272 1935 370 1997 editus
394 1944 440 1996 est
463 1933 630 2012 Μακαρίου
655 1933 828 2014 Μάγνητος
852 1933 1052 2012 ἀποκριτικὰς
1075 1937 1094 2013 ἢ
1120 1936 1304 2014 μονογενής.

154 2044 257 2123 Neque
274 2044 371 2104 haesit
388 2046 419 2104 in
439 2047 632 2125 inscriptione
648 2045 679 2106 L.
694 2045 860 2107 linchesne.
893 2046 1088 2107 Inveniuntur
1102 2054 1202 2106 antem
1218 2045 1304 2106 verba

154 2151 226 2212 haec
255 2151 331 2211 libro
360 2153 448 2213 tertio
477 2160 507 2213 et
534 2160 640 2231 quarto
668 2156 843 2235 praemissa,
877 2153 984 2232 quihus
1014 2155 1106 2214 totius
1134 2155 1233 2232 operis
1260 2155 1303 2213 in·

155 2259 347 2338 scriptionem
367 2261 515 2320 contineri
534 2259 606 2320 dicit
624 2259 803 2321 Blondelius.
841 2261 915 2320 Ante
935 2262 1057 2321 tertium
1080 2261 1172 2338 igitur
1195 2259 1304 2340 librum

154 2367 250 2444 posita
269 2374 340 2426 sunt
358 2366 444 2427 haec:
464 2364 630 2442 Μακαρίου
651 2363 823 2444 Μάγνητος
842 2363 1057 2443 Ἀποκριτικὸς
1075 2365 1094 2442 ἢ
1115 2365 1305 2443 Μονογενὴς

155 2469 236 2548 πρὸς
258 2468 416 2548 Ἕλληνα(
440 2470 602 2548 περὶτῶν
631 2472 667 2535 ἐν
690 2476 736 2555 τῷ
760 2470 942 2555 Εὐαγγελίιμ
966 2469 1152 2550 Ζητημάτων
1176 2471 1226 2534 καὶ
1250 2471 1304 2534 λύ-

156 2596 253 2662 ςεων;
277 2589 383 2659 quarto
406 2583 638 2660 praemittuntur
661 2581 748 2642 haec:
773 2579 939 2659 Μακαρίον
965 2577 1137 2655 Μάγνητος
1160 2577 1304 2657 Ἀποκρι-

153 2685 239 2748 τικὸς
262 2687 281 2764 ἢ
307 2687 497 2765 Μονογενὴς
526 2687 606 2766 πρὸς
628 2686 785 2765 Ἕλληνας
813 2689 885 2766 περὶ
913 2690 979 2751 τῶν
1007 2685 1240 2765 ἀπορουμένων
1268 2687 1304 2751 ἐν

154 2797 191 2875 τῇ
217 2786 313 2877 Κοινῇ
334 2793 477 2877 Διαθήκῃ
497 2793 685 2873 Ζητημάτων
708 2795 759 2859 καὶ
779 2796 908 2860 λύςεων.
951 2797 1026 2869 Quid
1048 2806 1146 2858 autem
1168 2797 1225 2858 sibi
1244 2797 1305 2858 vult

156 2898 346 2979 Μονογενὴς
370 2901 450 2980 πρὸς
472 2900 651 2981 ίἘλληναςῗ
691 2904 771 2966 Luce
796 2906 904 2966 clarius
927 2912 974 2965 est
996 2904 1215 2983 transponenda
1238 2922 1304 2965 esse

154 3008 244 3069 verba
272 3018 302 3071 et
330 3009 535 3072 scribendum:
576 3010 616 3074 Μ.
646 3010 687 3074 Μ.
717 3011 907 3088 Μονογενὴς
934 3011 953 3087 ἢ
983 3005 1196 3086 Ἀποκριτικὸς
1224 3008 1304 3085 πρὸς

154 3111 318 3191 Ἕλληνας.
362 3117 443 3188 Quae
472 3119 637 3179 emendatio
666 3118 730 3179 aliis
758 3122 847 3180 etiam
876 3118 1086 3198 comprobatur
1113 3120 1304 3196 argumentis.

70 3261 75 3283 .
155 3220 311 3301 Leguntur
334 3226 413 3284 enim
433 3226 521 3284 etiam
545 3225 617 3285 haec
636 3234 704 3286 ante
728 3229 848 3288 tertium
873 3227 996 3288 librum:
1019 3222 1102 3287 Τάδε
1125 3221 1244 3287 ἔνεςτιν
1268 3225 1304 3289 ἐν

155 3331 201 3410 τῷ
228 3326 325 3412 τρίτῳ
352 3328 459 3406 τεύχει
486 3333 552 3393 τῶν
580 3329 792 3408 ἀποκριτικῶν
827 3333 908 3410 πρὸς
935 3332 1091 3409 Ἕλληνας
1120 3330 1241 3415 λόγων;
1274 3342 1304 3394 et

101 3487 108 3504 ,
157 3444 224 3496 ante
255 3447 407 3516 quartum:
440 3434 524 3500 Τάδε
549 3437 688 3515 περιέχει
710 3439 730 3516 ἡ
753 3437 886 3516 τετάρτη
913 3438 1019 3518 βίβλοι
1042 3440 1108 3501 τῶν
1132 3435 1304 3515 Ἀποκριτι-

157 3542 223 3605 κῶν
246 3541 507 3622 πρὸςτἝλληνας
531 3542 647 3621 λόγων,
688 3546 725 3608 Et
749 3549 811 3626 ipse
836 3546 991 3609 Duchesne
1014 3567 1042 3627 p.
1066 3545 1087 3608 6
1110 3549 1139 3607 in
1164 3555 1304 3625 qtrattnor

157 3650 311 3712 codicibus
334 3650 490 3734 Parisinis,
519 3655 550 3713 in
575 3654 683 3732 quibus
706 3661 801 3715 exstat
824 3653 942 3715 loannis
960 3655 1137 3716 Antiocheni
1160 3658 1305 3737 synopsis,

157 3759 198 3818 ita
220 3757 322 3818 induci
340 3758 413 3819 dicit
435 3760 634 3839 fragmentum
651 3761 863 3823 Macariannm:
892 3757 1058 3836 Μακαρίον
1079 3757 1250 3838 Μάγνητος
1268 3761 1304 3825 ἐκ

230 4025 257 4092 1)
275 4025 295 4079 l.
316 4040 339 4078 e.
358 4023 536 4078 Bessarionis.

229 4115 256 4180 2)
275 4111 364 4166 Huius
383 4113 484 4167 indicis
503 4113 695 4182 apographum
711 4128 769 4166 esse
790 4110 858 4164 mihi
872 4111 982 4164 videtur
994 4110 1078 4166 index
1092 4129 1175 4180 quem
1190 4113 1304 4168 exhibet

158 4200 245 4254 codex
262 4199 330 4256 bibl.
350 4200 528 4256 Colbertince
547 4206 630 4267 2145,
654 4218 736 4270 quem
760 4199 866 4269 publici
888 4199 956 4254 iuris
979 4200 1047 4255 fecit
1068 4199 1302 4257 Montefeloonius

157 4290 225 4344 bibl.
245 4290 373 4345 biblioth.
396 4292 404 4343 l
424 4297 474 4345 461
487 4310 546 4361 sqq.
