<?xml version="1.0" encoding="UTF-8"?>
<!DOCTYPE html PUBLIC "-//W3C//DTD XHTML 1.0 Transitional//EN"
    "http://www.w3.org/TR/xhtml1/DTD/xhtml1-transitional.dtd">
<html xmlns="http://www.w3.org/1999/xhtml" xml:lang="en" lang="en">
 <head>
  <title>
</title>
<meta http-equiv="Content-Type" content="text/html;charset=utf-8" />
  <meta name='ocr-system' content='tesseract 3.04.00' />
  <meta name='ocr-capabilities' content='ocr_page ocr_carea ocr_par ocr_line ocrx_word'/>
</head>
<body>
  <div class='ocr_page' id='page_1' title='image "./prolegomenainju00neumgoog_0024.png"; bbox 0 0 2910 4688; ppageno 0'>
   <div class='ocr_carea' id='block_1_1' title="bbox 179 158 820 242">
    <p class='ocr_par' dir='ltr' id='par_1_1' title="bbox 179 158 820 242">
     <span class='ocr_line' id='line_1_1' title="bbox 179 158 820 242; baseline -0.003 -12"><span class='ocrx_word' id='word_1_1' title='bbox 179 158 219 234; x_wconf 78' lang='grc'>16</span> <span class='ocrx_word' id='word_1_2' title='bbox 690 172 782 242; x_wconf 79' lang='lat' dir='ltr'>Caput</span> <span class='ocrx_word' id='word_1_3' title='bbox 799 175 820 228; x_wconf 92' lang='grc' dir='ltr'>Ι.</span> 
     </span>
    </p>
   </div>
   <div class='ocr_carea' id='block_1_2' title="bbox 127 335 1430 4071">
    <p class='ocr_par' dir='ltr' id='par_1_2' title="bbox 127 335 1430 4071">
     <span class='ocr_line' id='line_1_2' title="bbox 178 335 1328 420; baseline 0.004 -23"><span class='ocrx_word' id='word_1_4' title='bbox 178 338 244 398; x_wconf 90' lang='grc' dir='ltr'>τῶν</span> <span class='ocrx_word' id='word_1_5' title='bbox 272 336 352 413; x_wconf 89' lang='grc' dir='ltr'>πρὸ(</span> <span class='ocrx_word' id='word_1_6' title='bbox 375 336 531 414; x_wconf 80' lang='grc' dir='ltr'>Ἕλληνα(</span> <span class='ocrx_word' id='word_1_7' title='bbox 560 336 658 400; x_wconf 82' lang='grc' dir='ltr'>αὐτοῦ</span> <span class='ocrx_word' id='word_1_8' title='bbox 687 335 899 420; x_wconf 80' lang='grc' dir='ltr'>ἀποκρί(εων;</span> <span class='ocrx_word' id='word_1_9' title='bbox 923 346 952 400; x_wconf 88' lang='lat' dir='ltr'>et</span> <span class='ocrx_word' id='word_1_10' title='bbox 975 359 1003 418; x_wconf 92' lang='grc' dir='ltr'>ρ.</span> <span class='ocrx_word' id='word_1_11' title='bbox 1030 338 1047 400; x_wconf 86' lang='lat' dir='ltr'>l</span> <span class='ocrx_word' id='word_1_12' title='bbox 1077 341 1106 399; x_wconf 92' lang='lat' dir='ltr'>in</span> <span class='ocrx_word' id='word_1_13' title='bbox 1127 341 1229 400; x_wconf 90' lang='lat' dir='ltr'>codice</span> <span class='ocrx_word' id='word_1_14' title='bbox 1251 341 1328 402; x_wconf 91' lang='lat' dir='ltr'>Vati·</span> 
     </span>
     <span class='ocr_line' id='line_1_3' title="bbox 176 443 1327 526; baseline 0.004 -22"><span class='ocrx_word' id='word_1_15' title='bbox 176 464 249 505; x_wconf 89' lang='lat' dir='ltr'>cano</span> <span class='ocrx_word' id='word_1_16' title='bbox 274 443 340 506; x_wconf 81' lang='lat'>840</span> <span class='ocrx_word' id='word_1_17' title='bbox 366 446 463 508; x_wconf 89' lang='lat' dir='ltr'>locum</span> <span class='ocrx_word' id='word_1_18' title='bbox 487 446 630 526; x_wconf 83' lang='lat' dir='ltr'><strong>Magnetis</strong></span> <span class='ocrx_word' id='word_1_19' title='bbox 658 450 785 508; x_wconf 91' lang='lat' dir='ltr'>inveniri</span> <span class='ocrx_word' id='word_1_20' title='bbox 808 443 842 507; x_wconf 65' lang='grc' dir='ltr'>ά).</span> <span class='ocrx_word' id='word_1_21' title='bbox 869 443 930 508; x_wconf 87' lang='grc'>166</span> <span class='ocrx_word' id='word_1_22' title='bbox 959 465 1027 507; x_wconf 91' lang='lat' dir='ltr'>cum</span> <span class='ocrx_word' id='word_1_23' title='bbox 1050 449 1246 526; x_wconf 81' lang='lat' dir='ltr'>inscriptione</span> <span class='ocrx_word' id='word_1_24' title='bbox 1269 449 1327 509; x_wconf 83' lang='grc' dir='ltr'>τοῦ</span> 
     </span>
     <span class='ocr_line' id='line_1_4' title="bbox 175 550 1326 631; baseline 0.004 -18"><span class='ocrx_word' id='word_1_25' title='bbox 175 550 341 628; x_wconf 90' lang='grc' dir='ltr'>Μακαρίου</span> <span class='ocrx_word' id='word_1_26' title='bbox 366 550 540 629; x_wconf 92' lang='grc' dir='ltr'>Μάγνητο(</span> <span class='ocrx_word' id='word_1_27' title='bbox 563 553 597 615; x_wconf 86' lang='grc' dir='ltr'>ἐκ</span> <span class='ocrx_word' id='word_1_28' title='bbox 621 555 687 616; x_wconf 84' lang='grc' dir='ltr'>τῶν</span> <span class='ocrx_word' id='word_1_29' title='bbox 711 552 791 630; x_wconf 88' lang='grc' dir='ltr'>πρὸ(</span> <span class='ocrx_word' id='word_1_30' title='bbox 813 550 970 630; x_wconf 83' lang='grc' dir='ltr'>Ἕλληνα(</span> <span class='ocrx_word' id='word_1_31' title='bbox 994 551 1093 615; x_wconf 82' lang='grc' dir='ltr'>αὐτοῦ</span> <span class='ocrx_word' id='word_1_32' title='bbox 1117 550 1326 631; x_wconf 82' lang='grc' dir='ltr'>ἀποκρίτεων.</span> 
     </span>
     <span class='ocr_line' id='line_1_5' title="bbox 174 660 1327 725; baseline 0.006 -7"><span class='ocrx_word' id='word_1_33' title='bbox 174 660 233 720; x_wconf 93' lang='lat' dir='ltr'>lam</span> <span class='ocrx_word' id='word_1_34' title='bbox 257 680 337 721; x_wconf 90' lang='lat' dir='ltr'>nunc</span> <span class='ocrx_word' id='word_1_35' title='bbox 362 663 457 721; x_wconf 91' lang='lat' dir='ltr'>oritur</span> <span class='ocrx_word' id='word_1_36' title='bbox 489 662 645 722; x_wconf 85' lang='lat' dir='ltr'>difficultas</span> <span class='ocrx_word' id='word_1_37' title='bbox 669 669 770 721; x_wconf 90' lang='lat' dir='ltr'>utrum</span> <span class='ocrx_word' id='word_1_38' title='bbox 794 661 867 721; x_wconf 87' lang='lat' dir='ltr'>tides</span> <span class='ocrx_word' id='word_1_39' title='bbox 895 660 1030 720; x_wconf 87' lang='lat' dir='ltr'>habenda</span> <span class='ocrx_word' id='word_1_40' title='bbox 1054 662 1093 720; x_wconf 94' lang='lat' dir='ltr'>sit</span> <span class='ocrx_word' id='word_1_41' title='bbox 1116 662 1215 724; x_wconf 86' lang='lat' dir='ltr'>verbis</span> <span class='ocrx_word' id='word_1_42' title='bbox 1239 666 1327 725; x_wconf 89' lang='lat' dir='ltr'>tertio</span> 
     </span>
     <span class='ocr_line' id='line_1_6' title="bbox 176 764 1326 849; baseline 0.005 -23"><span class='ocrx_word' id='word_1_43' title='bbox 176 767 251 827; x_wconf 90' lang='lat' dir='ltr'>libro</span> <span class='ocrx_word' id='word_1_44' title='bbox 275 772 445 848; x_wconf 81' lang='lat' dir='ltr'>praemissis</span> <span class='ocrx_word' id='word_1_45' title='bbox 469 767 541 845; x_wconf 83' lang='grc' dir='ltr'>περὶ</span> <span class='ocrx_word' id='word_1_46' title='bbox 564 769 630 830; x_wconf 86' lang='grc' dir='ltr'>τῶν</span> <span class='ocrx_word' id='word_1_47' title='bbox 654 767 690 829; x_wconf 86' lang='grc' dir='ltr'>ἐν</span> <span class='ocrx_word' id='word_1_48' title='bbox 713 770 759 849; x_wconf 84' lang='grc' dir='ltr'>τῷ</span> <span class='ocrx_word' id='word_1_49' title='bbox 779 765 961 849; x_wconf 85' lang='grc' dir='ltr'>Εὐαγγελίῳ</span> <span class='ocrx_word' id='word_1_50' title='bbox 985 764 1173 844; x_wconf 84' lang='grc' dir='ltr'>Ζητημάτων</span> <span class='ocrx_word' id='word_1_51' title='bbox 1196 768 1248 831; x_wconf 85' lang='grc' dir='ltr'>καὶ</span> <span class='ocrx_word' id='word_1_52' title='bbox 1272 769 1326 832; x_wconf 89' lang='grc' dir='ltr'>λύ-</span> 
     </span>
     <span class='ocr_line' id='line_1_7' title="bbox 172 875 1328 955; baseline 0.005 -20"><span class='ocrx_word' id='word_1_53' title='bbox 172 893 266 954; x_wconf 82' lang='grc' dir='ltr'>(εων,</span> <span class='ocrx_word' id='word_1_54' title='bbox 297 896 333 938; x_wconf 86' lang='lat' dir='ltr'>au</span> <span class='ocrx_word' id='word_1_55' title='bbox 362 880 404 937; x_wconf 91' lang='lat' dir='ltr'>eis</span> <span class='ocrx_word' id='word_1_56' title='bbox 434 895 508 955; x_wconf 89' lang='lat' dir='ltr'>quae</span> <span class='ocrx_word' id='word_1_57' title='bbox 532 884 599 936; x_wconf 88' lang='lat' dir='ltr'>ante</span> <span class='ocrx_word' id='word_1_58' title='bbox 628 875 736 937; x_wconf 90' lang='lat' dir='ltr'>librum</span> <span class='ocrx_word' id='word_1_59' title='bbox 767 885 905 955; x_wconf 87' lang='lat' dir='ltr'>quartum</span> <span class='ocrx_word' id='word_1_60' title='bbox 935 877 1128 954; x_wconf 89' lang='lat' dir='ltr'>reperiuntur</span> <span class='ocrx_word' id='word_1_61' title='bbox 1155 876 1231 954; x_wconf 87' lang='grc' dir='ltr'>περὶ</span> <span class='ocrx_word' id='word_1_62' title='bbox 1261 880 1328 941; x_wconf 85' lang='grc' dir='ltr'>τῶν</span> 
     </span>
     <span class='ocr_line' id='line_1_8' title="bbox 174 979 1326 1064; baseline 0.004 -20"><span class='ocrx_word' id='word_1_63' title='bbox 174 979 407 1060; x_wconf 85' lang='grc' dir='ltr'>ἀπορουμένων</span> <span class='ocrx_word' id='word_1_64' title='bbox 422 982 458 1044; x_wconf 86' lang='grc' dir='ltr'>ἐν</span> <span class='ocrx_word' id='word_1_65' title='bbox 473 986 510 1064; x_wconf 93' lang='grc' dir='ltr'>τῇ</span> <span class='ocrx_word' id='word_1_66' title='bbox 528 982 622 1064; x_wconf 82' lang='grc' dir='ltr'>Κοινῇ</span> <span class='ocrx_word' id='word_1_67' title='bbox 639 981 784 1063; x_wconf 85' lang='grc' dir='ltr'>Διαθῇκῃ</span> <span class='ocrx_word' id='word_1_68' title='bbox 799 979 985 1060; x_wconf 85' lang='grc' dir='ltr'>Ζητημάτων</span> <span class='ocrx_word' id='word_1_69' title='bbox 1000 981 1051 1045; x_wconf 86' lang='grc' dir='ltr'>καὶ</span> <span class='ocrx_word' id='word_1_70' title='bbox 1066 981 1196 1047; x_wconf 84' lang='grc' dir='ltr'>λύτεων.</span> <span class='ocrx_word' id='word_1_71' title='bbox 1220 987 1326 1049; x_wconf 85' lang='lat' dir='ltr'>Totius</span> 
     </span>
     <span class='ocr_line' id='line_1_9' title="bbox 175 1092 1327 1171; baseline 0.005 -21"><span class='ocrx_word' id='word_1_72' title='bbox 175 1109 244 1151; x_wconf 89' lang='lat' dir='ltr'>sane</span> <span class='ocrx_word' id='word_1_73' title='bbox 273 1094 372 1170; x_wconf 90' lang='lat' dir='ltr'>operis</span> <span class='ocrx_word' id='word_1_74' title='bbox 400 1093 624 1170; x_wconf 77' lang='lat' dir='ltr'>inscriptionem</span> <span class='ocrx_word' id='word_1_75' title='bbox 659 1093 757 1151; x_wconf 90' lang='lat' dir='ltr'>inesse</span> <span class='ocrx_word' id='word_1_76' title='bbox 782 1109 840 1150; x_wconf 91' lang='lat' dir='ltr'>non</span> <span class='ocrx_word' id='word_1_77' title='bbox 868 1109 956 1170; x_wconf 87' lang='lat' dir='ltr'>posse</span> <span class='ocrx_word' id='word_1_78' title='bbox 984 1093 1015 1151; x_wconf 93' lang='lat' dir='ltr'>in</span> <span class='ocrx_word' id='word_1_79' title='bbox 1047 1092 1199 1171; x_wconf 83' lang='lat' dir='ltr'>prioribus</span> <span class='ocrx_word' id='word_1_80' title='bbox 1227 1095 1327 1156; x_wconf 87' lang='lat' dir='ltr'>verbis</span> 
     </span>
     <span class='ocr_line' id='line_1_10' title="bbox 127 1198 1327 1285; baseline 0.003 -26"><span class='ocrx_word' id='word_1_81' title='bbox 127 1270 136 1285; x_wconf 45' lang='grc'><em>·</em></span> <span class='ocrx_word' id='word_1_82' title='bbox 175 1217 262 1259; x_wconf 91' lang='lat' dir='ltr'>nemo</span> <span class='ocrx_word' id='word_1_83' title='bbox 286 1198 415 1278; x_wconf 79' lang='lat' dir='ltr'>negabit,</span> <span class='ocrx_word' id='word_1_84' title='bbox 434 1218 501 1259; x_wconf 89' lang='lat' dir='ltr'>cum</span> <span class='ocrx_word' id='word_1_85' title='bbox 525 1198 600 1259; x_wconf 93' lang='lat' dir='ltr'>libro</span> <span class='ocrx_word' id='word_1_86' title='bbox 625 1206 731 1277; x_wconf 89' lang='lat' dir='ltr'>quarto</span> <span class='ocrx_word' id='word_1_87' title='bbox 755 1199 870 1258; x_wconf 90' lang='lat' dir='ltr'>nonde</span> <span class='ocrx_word' id='word_1_88' title='bbox 894 1198 1054 1280; x_wconf 87' lang='lat' dir='ltr'>evaugelio,</span> <span class='ocrx_word' id='word_1_89' title='bbox 1079 1199 1130 1259; x_wconf 87' lang='lat' dir='ltr'>sed</span> <span class='ocrx_word' id='word_1_90' title='bbox 1154 1201 1191 1260; x_wconf 88' lang='lat' dir='ltr'>de</span> <span class='ocrx_word' id='word_1_91' title='bbox 1214 1204 1327 1282; x_wconf 90' lang='lat' dir='ltr'>epistu-</span> 
     </span>
     <span class='ocr_line' id='line_1_11' title="bbox 174 1306 1332 1387; baseline 0.002 -21"><span class='ocrx_word' id='word_1_92' title='bbox 174 1306 268 1367; x_wconf 83' lang='lat' dir='ltr'>larum</span> <span class='ocrx_word' id='word_1_93' title='bbox 292 1309 437 1387; x_wconf 90' lang='lat' dir='ltr'>imprimis</span> <span class='ocrx_word' id='word_1_94' title='bbox 461 1316 565 1386; x_wconf 89' lang='lat' dir='ltr'>agatur</span> <span class='ocrx_word' id='word_1_95' title='bbox 588 1307 669 1367; x_wconf 91' lang='lat' dir='ltr'>locis.</span> <span class='ocrx_word' id='word_1_96' title='bbox 712 1306 770 1367; x_wconf 87' lang='lat' dir='ltr'>Sed</span> <span class='ocrx_word' id='word_1_97' title='bbox 794 1307 901 1367; x_wconf 84' lang='lat' dir='ltr'>dixerit</span> <span class='ocrx_word' id='word_1_98' title='bbox 924 1307 1002 1367; x_wconf 81' lang='lat' dir='ltr'>forte</span> <span class='ocrx_word' id='word_1_99' title='bbox 1026 1310 1173 1387; x_wconf 82' lang='lat' dir='ltr'>quispiam</span> <span class='ocrx_word' id='word_1_100' title='bbox 1196 1308 1332 1386; x_wconf 81' lang='lat' dir='ltr'>peculia.</span> 
     </span>
     <span class='ocr_line' id='line_1_12' title="bbox 174 1413 1326 1494; baseline 0.003 -21"><span class='ocrx_word' id='word_1_101' title='bbox 174 1432 236 1475; x_wconf 88' lang='lat' dir='ltr'>rem</span> <span class='ocrx_word' id='word_1_102' title='bbox 267 1417 348 1475; x_wconf 89' lang='lat' dir='ltr'>tertii</span> <span class='ocrx_word' id='word_1_103' title='bbox 376 1414 443 1475; x_wconf 91' lang='lat' dir='ltr'>iibri</span> <span class='ocrx_word' id='word_1_104' title='bbox 467 1434 502 1474; x_wconf 91' lang='lat' dir='ltr'>eo</span> <span class='ocrx_word' id='word_1_105' title='bbox 527 1417 680 1476; x_wconf 91' lang='lat' dir='ltr'>contineri·</span> <span class='ocrx_word' id='word_1_106' title='bbox 702 1417 935 1494; x_wconf 86' lang='lat' dir='ltr'>inscriptionem.</span> <span class='ocrx_word' id='word_1_107' title='bbox 977 1413 1079 1493; x_wconf 90' lang='lat' dir='ltr'>Neque</span> <span class='ocrx_word' id='word_1_108' title='bbox 1108 1434 1179 1475; x_wconf 85' lang='lat' dir='ltr'>vero</span> <span class='ocrx_word' id='word_1_109' title='bbox 1206 1417 1233 1476; x_wconf 88' lang='lat' dir='ltr'>is</span> <span class='ocrx_word' id='word_1_110' title='bbox 1261 1435 1326 1478; x_wconf 91' lang='lat' dir='ltr'>rem</span> 
     </span>
     <span class='ocr_line' id='line_1_13' title="bbox 174 1521 1325 1600; baseline 0.003 -19"><span class='ocrx_word' id='word_1_111' title='bbox 174 1540 228 1581; x_wconf 80' lang='lat' dir='ltr'>acti</span> <span class='ocrx_word' id='word_1_112' title='bbox 249 1525 389 1600; x_wconf 91' lang='lat' dir='ltr'>tetigerit.</span> <span class='ocrx_word' id='word_1_113' title='bbox 422 1523 495 1582; x_wconf 88' lang='lat' dir='ltr'>Nam</span> <span class='ocrx_word' id='word_1_114' title='bbox 515 1524 546 1582; x_wconf 94' lang='lat' dir='ltr'>in</span> <span class='ocrx_word' id='word_1_115' title='bbox 566 1523 662 1582; x_wconf 81' lang='lat' dir='ltr'>medio</span> <span class='ocrx_word' id='word_1_116' title='bbox 682 1525 770 1584; x_wconf 89' lang='lat' dir='ltr'>tertio</span> <span class='ocrx_word' id='word_1_117' title='bbox 783 1521 865 1582; x_wconf 91' lang='lat' dir='ltr'>libro</span> <span class='ocrx_word' id='word_1_118' title='bbox 884 1524 1029 1582; x_wconf 85' lang='lat' dir='ltr'>transitus</span> <span class='ocrx_word' id='word_1_119' title='bbox 1047 1523 1080 1582; x_wconf 88' lang='lat' dir='ltr'>tit</span> <span class='ocrx_word' id='word_1_120' title='bbox 1099 1522 1134 1582; x_wconf 88' lang='lat' dir='ltr'>ad</span> <span class='ocrx_word' id='word_1_121' title='bbox 1155 1524 1325 1585; x_wconf 86' lang='lat' dir='ltr'>tractandos</span> 
     </span>
     <span class='ocr_line' id='line_1_14' title="bbox 175 1628 1325 1709; baseline 0.004 -22"><span class='ocrx_word' id='word_1_122' title='bbox 175 1637 308 1688; x_wconf 91' lang='lat' dir='ltr'>actorum</span> <span class='ocrx_word' id='word_1_123' title='bbox 332 1637 363 1690; x_wconf 91' lang='lat' dir='ltr'>et</span> <span class='ocrx_word' id='word_1_124' title='bbox 386 1629 579 1709; x_wconf 87' lang='lat' dir='ltr'>epistularum</span> <span class='ocrx_word' id='word_1_125' title='bbox 603 1629 693 1689; x_wconf 77' lang='lat' dir='ltr'>locos</span> <span class='ocrx_word' id='word_1_126' title='bbox 736 1628 930 1690; x_wconf 89' lang='lat' dir='ltr'>inveniuntur</span> <span class='ocrx_word' id='word_1_127' title='bbox 954 1638 1051 1690; x_wconf 89' lang='lat' dir='ltr'>autem</span> <span class='ocrx_word' id='word_1_128' title='bbox 1076 1629 1148 1688; x_wconf 89' lang='lat' dir='ltr'>haee</span> <span class='ocrx_word' id='word_1_129' title='bbox 1172 1631 1203 1689; x_wconf 93' lang='lat' dir='ltr'>in</span> <span class='ocrx_word' id='word_1_130' title='bbox 1227 1631 1325 1692; x_wconf 82' lang='lat' dir='ltr'>indice</span> 
     </span>
     <span class='ocr_line' id='line_1_15' title="bbox 174 1733 1328 1815; baseline 0.004 -20"><span class='ocrx_word' id='word_1_131' title='bbox 174 1754 274 1795; x_wconf 91' lang='lat' dir='ltr'>rerum</span> <span class='ocrx_word' id='word_1_132' title='bbox 299 1744 366 1814; x_wconf 89' lang='lat' dir='ltr'>post</span> <span class='ocrx_word' id='word_1_133' title='bbox 389 1744 477 1815; x_wconf 89' lang='lat' dir='ltr'>caput</span> <span class='ocrx_word' id='word_1_134' title='bbox 500 1738 621 1796; x_wconf 91' lang='lat' dir='ltr'>tertium</span> <span class='ocrx_word' id='word_1_135' title='bbox 646 1736 806 1796; x_wconf 90' lang='lat' dir='ltr'>decimum:</span> <span class='ocrx_word' id='word_1_136' title='bbox 829 1733 955 1811; x_wconf 82' lang='grc' dir='ltr'>Ἑτέρα(</span> <span class='ocrx_word' id='word_1_137' title='bbox 979 1733 1160 1798; x_wconf 80' lang='grc' dir='ltr'>ὑποθέεεω(</span> <span class='ocrx_word' id='word_1_138' title='bbox 1184 1733 1266 1814; x_wconf 89' lang='grc' dir='ltr'>ἀρχὴ</span> <span class='ocrx_word' id='word_1_139' title='bbox 1291 1736 1328 1800; x_wconf 84' lang='grc' dir='ltr'>ἐκ</span> 
     </span>
     <span class='ocr_line' id='line_1_16' title="bbox 173 1839 1327 1922; baseline 0.003 -20"><span class='ocrx_word' id='word_1_140' title='bbox 173 1843 239 1903; x_wconf 85' lang='grc' dir='ltr'>τῶν</span> <span class='ocrx_word' id='word_1_141' title='bbox 256 1839 412 1918; x_wconf 84' lang='grc' dir='ltr'>Πράξεων</span> <span class='ocrx_word' id='word_1_142' title='bbox 426 1840 477 1903; x_wconf 83' lang='grc' dir='ltr'>καὶ</span> <span class='ocrx_word' id='word_1_143' title='bbox 491 1844 549 1904; x_wconf 82' lang='grc' dir='ltr'>τοῦ</span> <span class='ocrx_word' id='word_1_144' title='bbox 564 1839 768 1905; x_wconf 77' lang='grc' dir='ltr'>Ἀποετόλου.</span> <span class='ocrx_word' id='word_1_145' title='bbox 798 1842 949 1922; x_wconf 84' lang='lat' dir='ltr'>Epistulae</span> <span class='ocrx_word' id='word_1_146' title='bbox 964 1846 1043 1903; x_wconf 80' lang='lat' dir='ltr'>enirn</span> <span class='ocrx_word' id='word_1_147' title='bbox 1062 1846 1131 1904; x_wconf 90' lang='lat' dir='ltr'>novi</span> <span class='ocrx_word' id='word_1_148' title='bbox 1153 1848 1327 1906; x_wconf 88' lang='lat' dir='ltr'>testamenti</span> 
     </span>
     <span class='ocr_line' id='line_1_17' title="bbox 174 1946 1326 2036; baseline 0.003 -26"><span class='ocrx_word' id='word_1_149' title='bbox 174 1951 241 2010; x_wconf 89' lang='lat' dir='ltr'>inde</span> <span class='ocrx_word' id='word_1_150' title='bbox 267 1950 302 2011; x_wconf 93' lang='lat' dir='ltr'>ab</span> <span class='ocrx_word' id='word_1_151' title='bbox 327 1960 452 2011; x_wconf 85' lang='lat' dir='ltr'>exeunte</span> <span class='ocrx_word' id='word_1_152' title='bbox 477 1950 596 2013; x_wconf 90' lang='lat' dir='ltr'>saeculo</span> <span class='ocrx_word' id='word_1_153' title='bbox 609 1951 643 2013; x_wconf 95' lang='lat' dir='ltr'>ll.</span> <span class='ocrx_word' id='word_1_154' title='bbox 668 1947 885 2012; x_wconf 85' lang='grc' dir='ltr'>ὁάπόττολο(</span> <span class='ocrx_word' id='word_1_155' title='bbox 908 1946 1124 2036; x_wconf 84' lang='lat' dir='ltr'>dicebantur¹).</span> <span class='ocrx_word' id='word_1_156' title='bbox 1161 1951 1326 2013; x_wconf 82' lang='lat' dir='ltr'>Exstabant</span> 
     </span>
     <span class='ocr_line' id='line_1_18' title="bbox 175 2035 1325 2140; baseline 0.003 -23"><span class='ocrx_word' id='word_1_157' title='bbox 175 2061 266 2137; x_wconf 89' lang='lat' dir='ltr'>igitur</span> <span class='ocrx_word' id='word_1_158' title='bbox 294 2060 324 2118; x_wconf 93' lang='lat' dir='ltr'>in</span> <span class='ocrx_word' id='word_1_159' title='bbox 354 2061 445 2119; x_wconf 90' lang='lat' dir='ltr'>totius</span> <span class='ocrx_word' id='word_1_160' title='bbox 474 2061 573 2138; x_wconf 88' lang='lat' dir='ltr'>operis</span> <span class='ocrx_word' id='word_1_161' title='bbox 601 2061 794 2139; x_wconf 83' lang='lat' dir='ltr'>inscriptione</span> <span class='ocrx_word' id='word_1_162' title='bbox 825 2057 914 2118; x_wconf 86' lang='lat' dir='ltr'>verba</span> <span class='ocrx_word' id='word_1_163' title='bbox 942 2056 979 2119; x_wconf 88' lang='grc' dir='ltr'>ἐν</span> <span class='ocrx_word' id='word_1_164' title='bbox 1006 2061 1043 2140; x_wconf 90' lang='grc' dir='ltr'>τῇ</span> <span class='ocrx_word' id='word_1_165' title='bbox 1068 2035 1158 2140; x_wconf 77' lang='grc' dir='ltr'>ιτάινῇ</span> <span class='ocrx_word' id='word_1_166' title='bbox 1183 2059 1325 2140; x_wconf 85' lang='grc' dir='ltr'>διαθήκῃ.</span> 
     </span>
     <span class='ocr_line' id='line_1_19' title="bbox 174 2165 1325 2245; baseline 0.002 -21"><span class='ocrx_word' id='word_1_167' title='bbox 174 2165 280 2227; x_wconf 87' lang='lat' dir='ltr'>Latent</span> <span class='ocrx_word' id='word_1_168' title='bbox 308 2176 407 2227; x_wconf 92' lang='lat' dir='ltr'>autem</span> <span class='ocrx_word' id='word_1_169' title='bbox 436 2169 524 2226; x_wconf 90' lang='lat' dir='ltr'>etiam</span> <span class='ocrx_word' id='word_1_170' title='bbox 554 2167 625 2227; x_wconf 90' lang='lat' dir='ltr'>aliae</span> <span class='ocrx_word' id='word_1_171' title='bbox 650 2166 834 2245; x_wconf 81' lang='lat' dir='ltr'>corruptelae</span> <span class='ocrx_word' id='word_1_172' title='bbox 863 2168 893 2225; x_wconf 93' lang='lat' dir='ltr'>in</span> <span class='ocrx_word' id='word_1_173' title='bbox 922 2165 1019 2225; x_wconf 89' lang='lat' dir='ltr'>verbis</span> <span class='ocrx_word' id='word_1_174' title='bbox 1048 2167 1136 2228; x_wconf 93' lang='lat' dir='ltr'>tertio</span> <span class='ocrx_word' id='word_1_175' title='bbox 1160 2176 1190 2227; x_wconf 89' lang='lat' dir='ltr'>et</span> <span class='ocrx_word' id='word_1_176' title='bbox 1218 2175 1325 2245; x_wconf 91' lang='lat' dir='ltr'>quarto</span> 
     </span>
     <span class='ocr_line' id='line_1_20' title="bbox 174 2269 1325 2354; baseline 0.002 -22"><span class='ocrx_word' id='word_1_177' title='bbox 174 2272 249 2332; x_wconf 89' lang='lat' dir='ltr'>libro</span> <span class='ocrx_word' id='word_1_178' title='bbox 269 2275 448 2352; x_wconf 84' lang='lat' dir='ltr'>praemissis</span> <span class='ocrx_word' id='word_1_179' title='bbox 482 2273 558 2343; x_wconf 77' lang='lat' dir='ltr'>Quul</span> <span class='ocrx_word' id='word_1_180' title='bbox 579 2276 656 2333; x_wconf 90' lang='lat' dir='ltr'>euim</span> <span class='ocrx_word' id='word_1_181' title='bbox 672 2281 718 2333; x_wconf 92' lang='lat' dir='ltr'>est</span> <span class='ocrx_word' id='word_1_182' title='bbox 737 2269 938 2347; x_wconf 89' lang='grc' dir='ltr'>ἀποκριτικὸ(</span> <span class='ocrx_word' id='word_1_183' title='bbox 957 2270 1029 2347; x_wconf 89' lang='grc' dir='ltr'>περὶ</span> <span class='ocrx_word' id='word_1_184' title='bbox 1049 2270 1193 2334; x_wconf 73' lang='lat' dir='ltr'>tuum?</span> <span class='ocrx_word' id='word_1_185' title='bbox 1220 2273 1325 2354; x_wconf 89' lang='lat' dir='ltr'>Neque</span> 
     </span>
     <span class='ocr_line' id='line_1_21' title="bbox 176 2375 1324 2460; baseline 0.003 -22"><span class='ocrx_word' id='word_1_186' title='bbox 176 2390 256 2439; x_wconf 89' lang='lat' dir='ltr'>recte</span> <span class='ocrx_word' id='word_1_187' title='bbox 280 2380 421 2440; x_wconf 91' lang='lat' dir='ltr'>dicuntur</span> <span class='ocrx_word' id='word_1_188' title='bbox 445 2377 485 2440; x_wconf 82' lang='grc' dir='ltr'>ἐν</span> <span class='ocrx_word' id='word_1_189' title='bbox 509 2381 554 2459; x_wconf 82' lang='grc' dir='ltr'>τῷ</span> <span class='ocrx_word' id='word_1_190' title='bbox 579 2375 755 2459; x_wconf 80' lang='grc' dir='ltr'>εὐαγγελίῳ</span> <span class='ocrx_word' id='word_1_191' title='bbox 780 2377 941 2455; x_wconf 81' lang='grc' dir='ltr'>ζητήματα</span> <span class='ocrx_word' id='word_1_192' title='bbox 964 2398 991 2457; x_wconf 91' lang='grc' dir='ltr'>ρ.</span> <span class='ocrx_word' id='word_1_193' title='bbox 1013 2376 1066 2455; x_wconf 86' lang='grc'>49,</span> <span class='ocrx_word' id='word_1_194' title='bbox 1090 2383 1200 2460; x_wconf 84' lang='lat' dir='ltr'>optimc</span> <span class='ocrx_word' id='word_1_195' title='bbox 1224 2389 1324 2442; x_wconf 91' lang='lat' dir='ltr'>autem</span> 
     </span>
     <span class='ocr_line' id='line_1_22' title="bbox 174 2483 1324 2569; baseline 0.003 -23"><span class='ocrx_word' id='word_1_196' title='bbox 174 2507 202 2567; x_wconf 89' lang='lat' dir='ltr'>p.</span> <span class='ocrx_word' id='word_1_197' title='bbox 229 2484 291 2548; x_wconf 80' lang='lat'>155</span> <span class='ocrx_word' id='word_1_198' title='bbox 315 2485 476 2562; x_wconf 83' lang='grc' dir='ltr'>περὶτῶν</span> <span class='ocrx_word' id='word_1_199' title='bbox 499 2483 731 2561; x_wconf 85' lang='grc' dir='ltr'>ἀπορουμένων</span> <span class='ocrx_word' id='word_1_200' title='bbox 756 2484 796 2547; x_wconf 81' lang='grc' dir='ltr'>ἐν</span> <span class='ocrx_word' id='word_1_201' title='bbox 819 2490 857 2567; x_wconf 92' lang='grc' dir='ltr'>τῇ</span> <span class='ocrx_word' id='word_1_202' title='bbox 885 2489 975 2568; x_wconf 86' lang='grc' dir='ltr'>καινῇ</span> <span class='ocrx_word' id='word_1_203' title='bbox 1000 2485 1130 2569; x_wconf 84' lang='grc' dir='ltr'>διαθήκῃ</span> <span class='ocrx_word' id='word_1_204' title='bbox 1155 2486 1324 2564; x_wconf 82' lang='grc' dir='ltr'>ζητήματα.</span> 
     </span>
     <span class='ocr_line' id='line_1_23' title="bbox 175 2593 1324 2676; baseline 0.002 -22"><span class='ocrx_word' id='word_1_205' title='bbox 175 2595 250 2655; x_wconf 87' lang='lat' dir='ltr'>Tum</span> <span class='ocrx_word' id='word_1_206' title='bbox 276 2604 391 2655; x_wconf 90' lang='lat' dir='ltr'>veteres</span> <span class='ocrx_word' id='word_1_207' title='bbox 415 2596 578 2673; x_wconf 88' lang='lat' dir='ltr'>scriptores</span> <span class='ocrx_word' id='word_1_208' title='bbox 602 2593 692 2654; x_wconf 94' lang='lat' dir='ltr'>libros</span> <span class='ocrx_word' id='word_1_209' title='bbox 716 2596 756 2654; x_wconf 95' lang='lat' dir='ltr'>ita</span> <span class='ocrx_word' id='word_1_210' title='bbox 780 2593 944 2666; x_wconf 85' lang='lat' dir='ltr'>inscribere</span> <span class='ocrx_word' id='word_1_211' title='bbox 975 2593 1122 2676; x_wconf 89' lang='lat' dir='ltr'>solebant,</span> <span class='ocrx_word' id='word_1_212' title='bbox 1150 2597 1237 2656; x_wconf 93' lang='lat' dir='ltr'>utin</span> <span class='ocrx_word' id='word_1_213' title='bbox 1260 2596 1324 2674; x_wconf 92' lang='lat' dir='ltr'>ipsa</span> 
     </span>
     <span class='ocr_line' id='line_1_24' title="bbox 175 2701 1324 2782; baseline 0.003 -21"><span class='ocrx_word' id='word_1_214' title='bbox 175 2704 410 2780; x_wconf 91' lang='lat' dir='ltr'>uniuscuiusque</span> <span class='ocrx_word' id='word_1_215' title='bbox 435 2702 503 2762; x_wconf 93' lang='lat' dir='ltr'>libri</span> <span class='ocrx_word' id='word_1_216' title='bbox 527 2703 720 2782; x_wconf 89' lang='lat' dir='ltr'>inscriptione</span> <span class='ocrx_word' id='word_1_217' title='bbox 744 2703 929 2762; x_wconf 90' lang='lat' dir='ltr'>inveniretur</span> <span class='ocrx_word' id='word_1_218' title='bbox 957 2701 1025 2761; x_wconf 89' lang='lat' dir='ltr'>libri</span> <span class='ocrx_word' id='word_1_219' title='bbox 1048 2720 1200 2763; x_wconf 89' lang='lat' dir='ltr'>numerus.</span> <span class='ocrx_word' id='word_1_220' title='bbox 1242 2702 1324 2774; x_wconf 86' lang='lat' dir='ltr'>Quae</span> 
     </span>
     <span class='ocr_line' id='line_1_25' title="bbox 176 2808 1325 2891; baseline 0.002 -22"><span class='ocrx_word' id='word_1_221' title='bbox 176 2828 243 2870; x_wconf 89' lang='lat' dir='ltr'>cum</span> <span class='ocrx_word' id='word_1_222' title='bbox 271 2813 311 2869; x_wconf 92' lang='lat' dir='ltr'>ita</span> <span class='ocrx_word' id='word_1_223' title='bbox 344 2812 416 2891; x_wconf 90' lang='lat' dir='ltr'>sint,</span> <span class='ocrx_word' id='word_1_224' title='bbox 447 2829 462 2868; x_wconf 94' lang='lat' dir='ltr'>a</span> <span class='ocrx_word' id='word_1_225' title='bbox 490 2828 560 2869; x_wconf 86' lang='lat' dir='ltr'>vcro</span> <span class='ocrx_word' id='word_1_226' title='bbox 594 2811 640 2868; x_wconf 86' lang='lat' dir='ltr'>vix</span> <span class='ocrx_word' id='word_1_227' title='bbox 669 2808 885 2891; x_wconf 75' lang='lat' dir='ltr'>aberrabimuS,</span> <span class='ocrx_word' id='word_1_228' title='bbox 918 2810 943 2868; x_wconf 94' lang='lat' dir='ltr'>si</span> <span class='ocrx_word' id='word_1_229' title='bbox 971 2810 1011 2868; x_wconf 90' lang='lat' dir='ltr'>ita</span> <span class='ocrx_word' id='word_1_230' title='bbox 1041 2810 1201 2888; x_wconf 89' lang='lat' dir='ltr'>inscriptos</span> <span class='ocrx_word' id='word_1_231' title='bbox 1231 2810 1325 2871; x_wconf 88' lang='lat' dir='ltr'>luisse</span> 
     </span>
     <span class='ocr_line' id='line_1_26' title="bbox 176 2911 1325 2999; baseline 0 -21"><span class='ocrx_word' id='word_1_232' title='bbox 176 2936 333 2978; x_wconf 88' lang='lat' dir='ltr'>censemus</span> <span class='ocrx_word' id='word_1_233' title='bbox 367 2920 498 2996; x_wconf 92' lang='lat' dir='ltr'>quinque</span> <span class='ocrx_word' id='word_1_234' title='bbox 527 2911 578 2999; x_wconf 87' lang='lat' dir='ltr'>(de</span> <span class='ocrx_word' id='word_1_235' title='bbox 607 2934 730 2997; x_wconf 89' lang='lat' dir='ltr'>numero</span> <span class='ocrx_word' id='word_1_236' title='bbox 759 2917 796 2977; x_wconf 85' lang='lat' dir='ltr'>cl.</span> <span class='ocrx_word' id='word_1_237' title='bbox 824 2916 980 2976; x_wconf 89' lang='lat' dir='ltr'>Ducbesne</span> <span class='ocrx_word' id='word_1_238' title='bbox 1008 2935 1036 2995; x_wconf 93' lang='lat' dir='ltr'>p.</span> <span class='ocrx_word' id='word_1_239' title='bbox 1063 2911 1176 2999; x_wconf 80' lang='lat' dir='ltr'>lbsq.)</span> <span class='ocrx_word' id='word_1_240' title='bbox 1205 2917 1325 2978; x_wconf 90' lang='lat' dir='ltr'>Macarii</span> 
     </span>
     <span class='ocr_line' id='line_1_27' title="bbox 175 3019 1325 3105; baseline -0.001 -19"><span class='ocrx_word' id='word_1_241' title='bbox 175 3025 318 3105; x_wconf 86' lang='lat' dir='ltr'>Magnetis</span> <span class='ocrx_word' id='word_1_242' title='bbox 342 3024 446 3085; x_wconf 90' lang='lat' dir='ltr'>libros:</span> <span class='ocrx_word' id='word_1_243' title='bbox 480 3020 646 3098; x_wconf 91' lang='grc' dir='ltr'>Μακαρίου</span> <span class='ocrx_word' id='word_1_244' title='bbox 672 3019 843 3099; x_wconf 79' lang='grc' dir='ltr'>Μάγνητα(</span> <span class='ocrx_word' id='word_1_245' title='bbox 868 3021 1057 3098; x_wconf 85' lang='grc' dir='ltr'>Μονογενὴ(</span> <span class='ocrx_word' id='word_1_246' title='bbox 1080 3021 1099 3098; x_wconf 88' lang='grc' dir='ltr'>ἢ</span> <span class='ocrx_word' id='word_1_247' title='bbox 1123 3019 1325 3101; x_wconf 87' lang='grc' dir='ltr'>ἀποκριτικὸ(</span> 
     </span>
     <span class='ocr_line' id='line_1_28' title="bbox 176 3127 1325 3213; baseline -0.001 -18"><span class='ocrx_word' id='word_1_248' title='bbox 176 3132 256 3210; x_wconf 88' lang='grc' dir='ltr'>πρὸ(</span> <span class='ocrx_word' id='word_1_249' title='bbox 279 3131 443 3210; x_wconf 77' lang='grc' dir='ltr'>Ἕλληνα(</span> <span class='ocrx_word' id='word_1_250' title='bbox 485 3130 565 3206; x_wconf 87' lang='grc' dir='ltr'>Περὶ</span> <span class='ocrx_word' id='word_1_251' title='bbox 593 3132 658 3192; x_wconf 88' lang='grc' dir='ltr'>τῶν</span> <span class='ocrx_word' id='word_1_252' title='bbox 682 3127 914 3207; x_wconf 87' lang='grc' dir='ltr'>ἀπορουμένων</span> <span class='ocrx_word' id='word_1_253' title='bbox 942 3130 978 3193; x_wconf 81' lang='grc' dir='ltr'>ἐν</span> <span class='ocrx_word' id='word_1_254' title='bbox 1005 3135 1043 3212; x_wconf 93' lang='grc' dir='ltr'>τῇ</span> <span class='ocrx_word' id='word_1_255' title='bbox 1072 3135 1163 3213; x_wconf 86' lang='grc' dir='ltr'>καινῇ</span> <span class='ocrx_word' id='word_1_256' title='bbox 1192 3131 1325 3213; x_wconf 84' lang='grc' dir='ltr'>διαθήκῃ</span> 
     </span>
     <span class='ocr_line' id='line_1_29' title="bbox 176 3220 1430 3320; baseline -0.005 -15"><span class='ocrx_word' id='word_1_257' title='bbox 176 3237 363 3318; x_wconf 72' lang='grc' dir='ltr'>ζητημάτων</span> <span class='ocrx_word' id='word_1_258' title='bbox 386 3238 437 3301; x_wconf 86' lang='grc' dir='ltr'>καὶ</span> <span class='ocrx_word' id='word_1_259' title='bbox 460 3220 583 3304; x_wconf 86' lang='grc' dir='ltr'>λύ(εων</span> <span class='ocrx_word' id='word_1_260' title='bbox 605 3236 702 3312; x_wconf 92' lang='grc' dir='ltr'>λόγο(</span> <span class='ocrx_word' id='word_1_261' title='bbox 722 3233 760 3315; x_wconf 78' lang='grc' dir='ltr'>α’,</span> <span class='ocrx_word' id='word_1_262' title='bbox 782 3231 816 3317; x_wconf 78' lang='grc' dir='ltr'>β’,</span> <span class='ocrx_word' id='word_1_263' title='bbox 836 3233 873 3316; x_wconf 82' lang='grc' dir='ltr'>γ’,</span> <span class='ocrx_word' id='word_1_264' title='bbox 894 3233 931 3316; x_wconf 87' lang='lat' dir='ltr'>b&#39;,</span> <span class='ocrx_word' id='word_1_265' title='bbox 952 3233 985 3301; x_wconf 81' lang='grc' dir='ltr'>ε’.</span> <span class='ocrx_word' id='word_1_266' title='bbox 1022 3240 1056 3300; x_wconf 96' lang='lat' dir='ltr'>ln</span> <span class='ocrx_word' id='word_1_267' title='bbox 1080 3240 1189 3320; x_wconf 87' lang='lat' dir='ltr'>quibus</span> <span class='ocrx_word' id='word_1_268' title='bbox 1212 3241 1324 3300; x_wconf 85' lang='lat' dir='ltr'>inveni·</span> <span class='ocrx_word' id='word_1_269' title='bbox 1409 3261 1430 3285; x_wconf 71' lang='grc' dir='ltr'>ν</span> 
     </span>
     <span class='ocr_line' id='line_1_30' title="bbox 178 3347 1326 3429; baseline 0 -20"><span class='ocrx_word' id='word_1_270' title='bbox 178 3357 227 3409; x_wconf 93' lang='lat' dir='ltr'>tur</span> <span class='ocrx_word' id='word_1_271' title='bbox 247 3350 406 3427; x_wconf 87' lang='lat' dir='ltr'>disputatio</span> <span class='ocrx_word' id='word_1_272' title='bbox 426 3347 594 3427; x_wconf 89' lang='lat' dir='ltr'>philosophi</span> <span class='ocrx_word' id='word_1_273' title='bbox 613 3347 766 3408; x_wconf 87' lang='lat' dir='ltr'>cuiusdam</span> <span class='ocrx_word' id='word_1_274' title='bbox 786 3347 899 3429; x_wconf 86' lang='lat' dir='ltr'>Graeci,</span> <span class='ocrx_word' id='word_1_275' title='bbox 919 3351 970 3427; x_wconf 91' lang='lat' dir='ltr'>qui</span> <span class='ocrx_word' id='word_1_276' title='bbox 989 3347 1185 3409; x_wconf 87' lang='lat' dir='ltr'>Christianam</span> <span class='ocrx_word' id='word_1_277' title='bbox 1205 3357 1326 3409; x_wconf 91' lang='lat' dir='ltr'>accusat</span> 
     </span>
     <span class='ocr_line' id='line_1_31' title="bbox 178 3455 1326 3537; baseline 0 -21"><span class='ocrx_word' id='word_1_278' title='bbox 178 3457 360 3537; x_wconf 85' lang='lat' dir='ltr'>religionem,</span> <span class='ocrx_word' id='word_1_279' title='bbox 380 3475 447 3516; x_wconf 89' lang='lat' dir='ltr'>cum</span> <span class='ocrx_word' id='word_1_280' title='bbox 468 3455 593 3515; x_wconf 84' lang='lat' dir='ltr'>Macario</span> <span class='ocrx_word' id='word_1_281' title='bbox 613 3455 746 3533; x_wconf 90' lang='lat' dir='ltr'>Magnete</span> <span class='ocrx_word' id='word_1_282' title='bbox 771 3455 877 3516; x_wconf 92' lang='lat' dir='ltr'>hahita.</span> <span class='ocrx_word' id='word_1_283' title='bbox 910 3456 1002 3527; x_wconf 82' lang='lat' dir='ltr'>eram</span> <span class='ocrx_word' id='word_1_284' title='bbox 1022 3475 1143 3517; x_wconf 87' lang='lat' dir='ltr'>revera</span> <span class='ocrx_word' id='word_1_285' title='bbox 1163 3473 1326 3534; x_wconf 92' lang='lat' dir='ltr'>numquam</span> 
     </span>
     <span class='ocr_line' id='line_1_32' title="bbox 177 3562 1326 3641; baseline -0.001 -18"><span class='ocrx_word' id='word_1_286' title='bbox 177 3567 217 3625; x_wconf 88' lang='lat' dir='ltr'>ita</span> <span class='ocrx_word' id='word_1_287' title='bbox 241 3563 370 3625; x_wconf 81' lang='lat' dir='ltr'>habitant</span> <span class='ocrx_word' id='word_1_288' title='bbox 395 3582 459 3623; x_wconf 91' lang='lat' dir='ltr'>esse</span> <span class='ocrx_word' id='word_1_289' title='bbox 484 3563 613 3623; x_wconf 89' lang='lat' dir='ltr'>ostendit</span> <span class='ocrx_word' id='word_1_290' title='bbox 637 3565 802 3623; x_wconf 92' lang='lat' dir='ltr'>orationum</span> <span class='ocrx_word' id='word_1_291' title='bbox 827 3563 979 3641; x_wconf 89' lang='lat' dir='ltr'>longitudo</span> <span class='ocrx_word' id='word_1_292' title='bbox 1004 3572 1033 3624; x_wconf 92' lang='lat' dir='ltr'>et</span> <span class='ocrx_word' id='word_1_293' title='bbox 1057 3571 1191 3624; x_wconf 86' lang='lat' dir='ltr'>servatus</span> <span class='ocrx_word' id='word_1_294' title='bbox 1214 3565 1245 3623; x_wconf 93' lang='lat' dir='ltr'>in</span> <span class='ocrx_word' id='word_1_295' title='bbox 1267 3562 1326 3622; x_wconf 92' lang='lat' dir='ltr'>Ma-</span> 
     </span>
     <span class='ocr_line' id='line_1_33' title="bbox 178 3670 1327 3750; baseline -0.001 -19"><span class='ocrx_word' id='word_1_296' title='bbox 178 3673 250 3731; x_wconf 91' lang='lat' dir='ltr'>carii</span> <span class='ocrx_word' id='word_1_297' title='bbox 274 3670 502 3730; x_wconf 81' lang='lat' dir='ltr'>refutationibus</span> <span class='ocrx_word' id='word_1_298' title='bbox 530 3670 697 3750; x_wconf 91' lang='lat' dir='ltr'>philosophi</span> <span class='ocrx_word' id='word_1_299' title='bbox 722 3671 959 3730; x_wconf 90' lang='lat' dir='ltr'>criminationum</span> <span class='ocrx_word' id='word_1_300' title='bbox 984 3670 1065 3731; x_wconf 88' lang='lat' dir='ltr'>ordo.</span> <span class='ocrx_word' id='word_1_301' title='bbox 1107 3670 1202 3749; x_wconf 79' lang='lat' dir='ltr'>Atque</span> <span class='ocrx_word' id='word_1_302' title='bbox 1227 3671 1327 3731; x_wconf 87' lang='lat' dir='ltr'>ellecit</span> 
     </span>
     <span class='ocr_line' id='line_1_34' title="bbox 178 3774 1325 3856; baseline -0.003 -17"><span class='ocrx_word' id='word_1_303' title='bbox 178 3777 333 3838; x_wconf 89' lang='lat' dir='ltr'>Ducbesne</span> <span class='ocrx_word' id='word_1_304' title='bbox 357 3796 385 3854; x_wconf 91' lang='lat' dir='ltr'>p.</span> <span class='ocrx_word' id='word_1_305' title='bbox 405 3774 445 3835; x_wconf 80' lang='lat'>21</span> <span class='ocrx_word' id='word_1_306' title='bbox 471 3797 505 3837; x_wconf 90' lang='lat' dir='ltr'>ex</span> <span class='ocrx_word' id='word_1_307' title='bbox 530 3778 645 3838; x_wconf 90' lang='lat' dir='ltr'>diverso</span> <span class='ocrx_word' id='word_1_308' title='bbox 666 3779 811 3837; x_wconf 91' lang='lat' dir='ltr'>sermonis</span> <span class='ocrx_word' id='word_1_309' title='bbox 830 3795 949 3856; x_wconf 89' lang='lat' dir='ltr'>genere,</span> <span class='ocrx_word' id='word_1_310' title='bbox 973 3796 1031 3856; x_wconf 95' lang='lat' dir='ltr'>quo</span> <span class='ocrx_word' id='word_1_311' title='bbox 1050 3786 1208 3838; x_wconf 89' lang='lat' dir='ltr'>uterentur</span> <span class='ocrx_word' id='word_1_312' title='bbox 1231 3775 1325 3856; x_wconf 94' lang='lat' dir='ltr'>philo·</span> 
     </span>
     <span class='ocr_line' id='line_1_35' title="bbox 179 3883 1325 3965; baseline -0.002 -19"><span class='ocrx_word' id='word_1_313' title='bbox 179 3885 290 3965; x_wconf 92' lang='lat' dir='ltr'>sophus</span> <span class='ocrx_word' id='word_1_314' title='bbox 314 3893 343 3943; x_wconf 91' lang='lat' dir='ltr'>et</span> <span class='ocrx_word' id='word_1_315' title='bbox 365 3883 523 3964; x_wconf 88' lang='lat' dir='ltr'>Macarius,</span> <span class='ocrx_word' id='word_1_316' title='bbox 554 3893 720 3945; x_wconf 90' lang='lat' dir='ltr'>mutuatum</span> <span class='ocrx_word' id='word_1_317' title='bbox 746 3903 811 3944; x_wconf 89' lang='lat' dir='ltr'>esse</span> <span class='ocrx_word' id='word_1_318' title='bbox 839 3883 921 3945; x_wconf 91' lang='lat' dir='ltr'>illum</span> <span class='ocrx_word' id='word_1_319' title='bbox 950 3883 1118 3964; x_wconf 91' lang='lat' dir='ltr'>philosophi</span> <span class='ocrx_word' id='word_1_320' title='bbox 1141 3885 1265 3944; x_wconf 89' lang='lat' dir='ltr'>erimina</span> <span class='ocrx_word' id='word_1_321' title='bbox 1289 3903 1325 3944; x_wconf 86' lang='lat' dir='ltr'>ex</span> 
     </span>
     <span class='ocr_line' id='line_1_36' title="bbox 179 3990 1325 4071; baseline -0.002 -17"><span class='ocrx_word' id='word_1_322' title='bbox 179 3993 253 4054; x_wconf 90' lang='lat' dir='ltr'>libro</span> <span class='ocrx_word' id='word_1_323' title='bbox 278 3991 404 4071; x_wconf 91' lang='lat' dir='ltr'>quodam</span> <span class='ocrx_word' id='word_1_324' title='bbox 425 3999 527 4051; x_wconf 86' lang='lat' dir='ltr'>contra</span> <span class='ocrx_word' id='word_1_325' title='bbox 552 3990 734 4052; x_wconf 85' lang='lat' dir='ltr'>Christianos</span> <span class='ocrx_word' id='word_1_326' title='bbox 758 3994 877 4071; x_wconf 88' lang='lat' dir='ltr'>scripto.</span> <span class='ocrx_word' id='word_1_327' title='bbox 916 3991 1010 4062; x_wconf 85' lang='lat' dir='ltr'>Quam</span> <span class='ocrx_word' id='word_1_328' title='bbox 1030 3991 1233 4071; x_wconf 85' lang='lat' dir='ltr'>comprobavit</span> <span class='ocrx_word' id='word_1_329' title='bbox 1255 4010 1325 4052; x_wconf 90' lang='lat' dir='ltr'>con·</span> 
     </span>
    </p>
   </div>
   <div class='ocr_carea' id='block_1_3' title="bbox 79 4181 1327 4418">
    <p class='ocr_par' dir='ltr' id='par_1_3' title="bbox 79 4181 1327 4418">
     <span class='ocr_line' id='line_1_37' title="bbox 252 4181 1327 4287; baseline 0.002 -15"><span class='ocrx_word' id='word_1_330' title='bbox 252 4221 278 4287; x_wconf 91' lang='lat'>1)</span> <span class='ocrx_word' id='word_1_331' title='bbox 301 4219 341 4272; x_wconf 88' lang='lat' dir='ltr'>De</span> <span class='ocrx_word' id='word_1_332' title='bbox 361 4218 461 4286; x_wconf 91' lang='lat' dir='ltr'>quibus</span> <span class='ocrx_word' id='word_1_333' title='bbox 481 4181 607 4271; x_wconf 84' lang='lat' dir='ltr'>actorum</span> <span class='ocrx_word' id='word_1_334' title='bbox 630 4218 660 4270; x_wconf 85' lang='lat' dir='ltr'>et</span> <span class='ocrx_word' id='word_1_335' title='bbox 678 4216 860 4286; x_wconf 82' lang='lat' dir='ltr'>epistularum</span> <span class='ocrx_word' id='word_1_336' title='bbox 885 4218 955 4272; x_wconf 88' lang='lat' dir='ltr'>locis</span> <span class='ocrx_word' id='word_1_337' title='bbox 979 4211 1155 4287; x_wconf 79' lang='lat' dir='ltr'>quaestiones</span> <span class='ocrx_word' id='word_1_338' title='bbox 1178 4217 1327 4274; x_wconf 75' lang='lat' dir='ltr'>institutae</span> 
     </span>
     <span class='ocr_line' id='line_1_38' title="bbox 79 4280 1204 4418; baseline 0.006 -64"><span class='ocrx_word' id='word_1_339' title='bbox 79 4280 136 4418; x_wconf 68' lang='grc' dir='ltr'>Ι</span> <span class='ocrx_word' id='word_1_340' title='bbox 158 4305 229 4367; x_wconf 73' lang='lat' dir='ltr'>sz&#39;nt,</span> <span class='ocrx_word' id='word_1_341' title='bbox 250 4305 437 4372; x_wconf 75' lang='lat' dir='ltr'>ahteIlegitur</span> <span class='ocrx_word' id='word_1_342' title='bbox 454 4323 491 4360; x_wconf 83' lang='lat' dir='ltr'>ex</span> <span class='ocrx_word' id='word_1_343' title='bbox 507 4305 649 4362; x_wconf 84' lang='lat' dir='ltr'>indicibus</span> <span class='ocrx_word' id='word_1_344' title='bbox 668 4306 748 4364; x_wconf 84' lang='lat' dir='ltr'>libris</span> <span class='ocrx_word' id='word_1_345' title='bbox 766 4307 851 4364; x_wconf 68' lang='lat' dir='ltr'>tertio</span> <span class='ocrx_word' id='word_1_346' title='bbox 871 4310 901 4363; x_wconf 82' lang='lat' dir='ltr'>el</span> <span class='ocrx_word' id='word_1_347' title='bbox 919 4309 1019 4377; x_wconf 77' lang='lat' dir='ltr'>quarto</span> <span class='ocrx_word' id='word_1_348' title='bbox 1036 4307 1204 4377; x_wconf 85' lang='lat' dir='ltr'>praemissis.</span> 
     </span>
    </p>
   </div>
   <div class='ocr_carea' id='block_1_4' title="bbox 0 0 1460 4688">
    <p class='ocr_par' dir='ltr' id='par_1_4' title="bbox 0 0 1460 4688">
     <span class='ocr_line' id='line_1_39' title="bbox 0 0 1460 4688; baseline 0 0"><span class='ocrx_word' id='word_1_349' title='bbox 0 0 1460 4688; x_wconf 95' lang='lat' dir='ltr'> </span> 
     </span>
    </p>
   </div>
  </div>
 </body>
</html>
