2910 4688
555 195 599 290 De
618 233 720 289 Iuliani
739 231 872 288 librorum
890 233 963 287 fatis.
1290 230 1333 294 23

186 414 231 466 est
247 404 409 484 Seleuciae,
427 402 555 463 efficitur
575 419 610 461 eo
629 409 762 480 tempore
782 402 925 479 integram
946 401 1036 460 inisse
1057 401 1144 459 etiam
1160 398 1332 479 Ctesiphon·

185 520 258 594 tem3
287 530 375 591 quam
402 528 482 571 nuno
510 508 717 570 contendimus
746 515 797 569 aut
824 515 950 568 exeunte
979 525 1055 567 anno
1083 503 1149 568 410
1178 514 1228 567 aut
1255 525 1332 567 anno

185 616 249 680 411
280 619 326 679 rel
349 615 414 679 412
442 624 583 678 vastatam
611 633 685 676 esse.
722 614 825 693 Neque
854 617 934 675 enim
961 615 1118 693 quicquam
1147 621 1333 694 compertum

185 725 329 787 babemus
357 724 393 784 de
418 723 510 784 altero
537 721 616 783 bello
643 724 785 783 intestino
813 723 851 782 iis
874 720 1058 801 temporibus
1087 728 1202 801 coorto,
1231 739 1332 800 quam·

185 851 273 912 quam
292 850 351 893 non
370 834 410 892 ita
429 832 513 891 tenui
526 847 630 890 eorum
649 837 816 909 temporum
832 830 935 889 notitia
954 830 1092 889 instructi
1112 846 1223 888 sumus
1240 826 1332 906 Ergo

96 1002 102 1013 ,
185 941 306 1021 scripsit
328 938 474 999 Macarius
501 936 593 998 libros
621 955 692 997 suos
719 943 787 1016 post
814 954 924 996 annum
946 932 1020 996 410.
1062 935 1206 996 Remanet
1233 942 1332 996 autem

184 1046 343 1109 difficultas
366 1063 420 1127 ea„
437 1044 516 1124 quod
540 1061 660 1105 revera
684 1062 752 1104 eum
771 1043 808 1103 de
832 1050 932 1104 vetere
951 1042 1098 1123 Babylone
1121 1043 1210 1104 verba
1234 1044 1332 1104 iacere

186 1173 221 1215 ex
249 1154 450 1232 descriptione
478 1152 562 1213 urbis
590 1159 719 1232 apparet.
764 1149 808 1211 Eo
840 1152 931 1230 igitur
963 1153 994 1211 in
1022 1169 1154 1211 errorem
1182 1151 1333 1233 inductus,

185 1261 263 1341 quod
281 1259 441 1339 Ctesiphon
462 1268 532 1320 tunc
552 1260 722 1339 saepissime
741 1257 892 1318 diceretur
911 1257 1054 1340 Babylon,
1072 1278 1104 1319 re
1125 1276 1193 1319 vera
1212 1267 1331 1338 putasse

185 1367 352 1429 censendus
380 1374 426 1427 est
452 1365 631 1446 Babylonem
660 1373 731 1426 tunc
763 1371 904 1425 vastatam
933 1383 1007 1425 esse.
1050 1366 1135 1437 Quod
1163 1375 1263 1427 autem
1290 1368 1331 1427 ita

185 1492 285 1536 errare
314 1493 351 1535 ne
381 1476 407 1534 is
435 1474 554 1553 quidem
582 1473 693 1552 potuit,
722 1473 772 1550 qui
799 1473 830 1532 iu
855 1471 938 1551 Syria
966 1473 1055 1532 vitam
1079 1473 1214 1553 degeret,
1242 1475 1331 1533 etiam

184 1601 220 1643 eo
243 1581 391 1642 refutatur
409 1580 571 1642 Ducbesnii
594 1581 778 1660 coniectura,
802 1597 889 1658 quam
908 1578 1036 1640 Zabnius
1060 1579 1077 1641 Ι.
1096 1580 1113 1640 l.
1137 1599 1165 1659 p.
1184 1576 1249 1641 452
1273 1582 1330 1641 iam

186 1688 351 1770 redarguit,
383 1687 593 1768 comprobatur
626 1685 780 1765 Loquienii
810 1689 956 1747 sententia
989 1706 1005 1747 a
1032 1687 1172 1748 Moellero
1205 1696 1235 1748 et
1266 1690 1331 1769 ipso

184 1795 294 1857 Zahnio
314 1777 443 1876 accepta,
464 1796 553 1857 fuisse
568 1794 727 1854 Macarium
744 1796 915 1874 episcopum
929 1793 1094 1873 Magnesiae
1108 1813 1201 1876 prope
1215 1794 1329 1856 Maean-

183 1902 271 1964 drum
295 1904 376 1964 sitae.

272 2135 332 2195 lam
342 2153 412 2194 vero
423 2134 460 2194 de
471 2133 577 2195 studiis
587 2127 1191 2212 lulianeisTheodoriidopsuosioni
1201 2154 1329 2216 agamus.

185 2243 319 2315 Quorum
334 2244 547 2302 accuratiorem
567 2242 700 2302 notitiam
719 2243 847 2302 assecuti
871 2249 941 2303 sunt
959 2243 1014 2302 viri
1035 2242 1114 2302 docti
1137 2261 1213 2304 anno
1236 2242 1330 2327 1788,

183 2367 242 2428 quo
269 2349 440 2409 Fridericus
463 2348 635 2410 Muenterus
663 2351 693 2408 in
720 2348 788 2408 libri
812 2351 863 2428 qui
893 2348 1066 2411 inscribitur
1090 2351 1253 2429 fragmenta
1279 2371 1328 2433 pa·

82 2463 86 2473 ’
183 2465 263 2518 trum
295 2455 477 2516 Graecorum
511 2455 650 2516 fasciculo
683 2457 779 2535 primo
806 2455 929 2516 Hainiae
958 2457 1036 2517 edito
1068 2477 1096 2537 p.
1121 2455 1162 2518 72
1182 2476 1245 2537 sqq.
1277 2477 1328 2520 ser

182 2560 274 2625 edidit
292 2563 440 2624 Theodori
465 2564 627 2642 fragmenta
647 2580 721 2641 quae
744 2566 960 2644 „exscripserat
982 2565 1013 2623 in
1035 2562 1211 2625 bibliotheca
1232 2564 1327 2627 Corsi·

181 2673 267 2732 niana
290 2670 399 2731 Romae
425 2689 459 2730 ex
484 2670 651 2750 apographo
675 2672 730 2730 viri
753 2670 907 2731 cuiusdam
931 2671 1025 2750 docti,
1053 2689 1141 2750 quem
1164 2671 1327 2752 Fogginum

181 2778 274 2838 fuisse
297 2779 478 2858 suspicatur,
502 2785 618 2856 sumpta
640 2795 676 2837 er
701 2777 802 2838 codice
821 2777 952 2839 Palatino
972 2775 1027 2837 XX
1050 2786 1183 2840 catenam
1206 2779 1327 2841 Patrum

179 2887 212 2944 iu
230 2882 340 2944 Lucam
363 2878 546 2945 exhibente“.
579 2884 735 2964 deprimo
755 2885 873 2964 quidem
894 2886 1058 2964 fragmento
1077 2890 1238 2966 praemissa
1257 2896 1327 2949 sunt

180 2990 269 3051 verba
292 2991 378 3052 baec:
402 2989 576 3067 Θεοδώρου
601 2990 825 3067 Μοψουεετίαε
849 2991 884 3055 ἐκ
907 2995 963 3070 τῆ(
986 2991 1067 3069 πρὸ(
1089 2991 1129 3054 τὰ
1152 2992 1231 3056 κατὰ
1256 2994 1326 3071 Χρι-

180 3098 316 3160 (τιανῶν
335 3095 525 3174 κατηγορία(
540 3093 746 3180 ἸουλιάνουῙ)
765 3101 822 3161 τοῦ
842 3096 1038 3177 παραβάτου.
1066 3098 1090 3159 Ε
1106 3100 1214 3179 quibus
1230 3103 1328 3163 effecit

179 3205 353 3266 Muonterus
381 3207 535 3284 scripsisse
564 3204 754 3265 Theodorum
781 3205 1023 3285 Mopsuestenum
1052 3216 1153 3267 contra
1182 3206 1326 3269 lulianum

179 3311 302 3393 librum,
333 3314 383 3391 qui
407 3315 569 3391 inscriptus
597 3319 677 3373 esset
700 3310 874 3389 Θεοδώρου
899 3310 1123 3389 Μοψουεετία(
1154 3312 1326 3391 κατηγορία

180 3417 261 3494 πρὸ(
284 3416 324 3480 τὰ
350 3416 429 3479 κατὰ
450 3417 644 3495 Χριετιανών
668 3413 872 3504 Ἰουλιάνουῖ)
901 3422 959 3481 τοῦ
982 3417 1177 3498 παραβάτου.
1223 3422 1326 3502 Neque

183 3533 280 3586 tamen
300 3528 340 3586 ita
358 3525 480 3586 inscribi
499 3528 603 3606 potuit.
641 3526 743 3605 Neque
764 3529 841 3587 enim
862 3529 1041 3588 accusationi
1060 3528 1151 3602 locus,
1176 3529 1227 3589 sed
1248 3530 1296 3591 rei
1316 3565 1325 3573 ·

181 3633 291 3693 tatione
316 3650 391 3711 opus
419 3640 490 3693 erat.
528 3633 612 3704 Quod
641 3642 739 3694 autem
770 3636 888 3694 maximi
915 3637 1057 3695 momenti
1085 3642 1143 3695 est:
1171 3653 1230 3696 non
1259 3655 1324 3715 per·

180 3741 302 3799 mittunt
328 3738 445 3818 linguae
469 3739 596 3800 Graecae
626 3743 770 3821 rationes,
800 3751 833 3801 ut
861 3743 1078 3819 coniungantur
1105 3760 1193 3802 voces
1221 3744 1262 3802 ita
1291 3750 1324 3803 ut

181 3845 274 3906 voluit
296 3845 477 3907 Muonterus.
521 3846 669 3907 Concedet
697 3856 795 3908 autem
824 3850 1027 3927 unusquisque
1057 3857 1230 3928 corruptum
1259 3868 1324 3910 esse

181 3953 279 4013 locum
303 3971 400 4031 neque
424 3953 541 4032 negabit
570 3953 717 4015 lenissima
748 3957 909 4016 mutatione
934 3956 1122 4017 scribendum
1151 3976 1215 4016 esse
1244 3955 1324 4032 πρὸ(

181 4057 246 4120 τὰ(
274 4056 354 4121 κατὰ
384 4058 577 4135 nummos
605 4059 801 4138 κατηγορίας.
848 4062 933 4124 Tunc
961 4082 1030 4124 sane
1058 4064 1143 4126 deest
1169 4067 1323 4144 genetivus

247 4288 277 4356 1)
297 4285 391 4341 Scribe
411 4258 566 4343 Ἰοολιανοθ.
756 4339 760 4351 ,

243 4379 270 4442 2)
290 4373 330 4430 of.
350 4391 423 4445 quae
441 4393 528 4449 supra
548 4379 699 4441 adnotari.
