2910 4688
145 177 165 240 6
650 176 740 247 θαμινά
758 177 779 233 Ι.

146 341 215 418 μὲν,
244 337 270 402 rb
295 341 451 418 Φωτεινὲ,
482 341 615 405 πιθανὸς
644 341 743 423 φαίνῃ
772 342 822 404 καὶ
850 341 1024 417 ἐγγύτατος
1052 344 1110 403 τού
1134 340 1293 418 ςώζεςθαι,

147 446 182 511 εὖ
205 450 309 510 ποιῶν
333 448 369 511 ἐν
393 450 493 530 μήτρᾳ
518 452 667 526 μηδαμῶς
687 448 822 524 εἰςάγειν
842 450 881 512 ὃν
900 447 1081 511 ἐπίςτευςας
1101 449 1189 512 θεὸν·
1214 447 1293 510 Διό-

147 559 251 632 δωρος
271 556 305 618 δὲ
326 554 344 618 ὁ
363 560 421 619 τού
443 555 629 634 Ναζωραίου
649 555 749 634 μάγος
773 555 870 633 αὐτῆς
888 557 1149 619 καλλωπιςτικοῖς
1172 554 1293 632 μαγγά-

147 682 215 725 νοις
230 660 358 726 ἀκονῶν
373 661 571 740 παραδοξίαν
585 661 658 727 ὀξὺς
679 660 825 740 ἀνεφάνη
847 662 995 740 ςοφιςτὴς
1009 660 1171 739 θρηςκείας
1186 659 1293 752 ἀγροί·

147 789 213 832 κου.
255 768 315 830 Iam
344 790 414 831 vero
444 774 546 851 paucis
575 771 672 831 verbis
696 772 874 832 intermissis
901 771 999 852 „quod
1024 774 1049 831 si
1074 765 1177 831 nobis“
1198 774 1296 850 inquit

147 877 302 959 „opitulati
325 879 436 938 luerint
455 877 496 937 dii
519 885 549 937 et
572 877 643 937 deae
663 886 693 938 et
712 896 812 938 musae
832 896 934 938 omnes
954 886 984 937 et
1008 876 1135 958 fortuna,
1159 878 1296 939 ostende-

148 1003 214 1045 mus
237 974 386 1046 infirmum
410 994 439 1045 ct
462 993 668 1063 corruptorem
691 984 789 1063 legum
814 993 844 1045 et
867 987 1015 1044 rationum
1034 993 1064 1044 et
1087 987 1297 1064 mysteriorum

148 1110 329 1172 paganorum
349 1100 379 1152 et
398 1092 522 1152 deorum
546 1085 764 1174 infernorum1)
784 1099 814 1152 et
832 1091 914 1152 illum
934 1110 1042 1153 novum
1067 1093 1131 1152 eius
1156 1086 1210 1172 (sc.
1230 1092 1297 1152 llio-

149 1192 229 1280 dori)
258 1198 346 1258 deum
371 1197 546 1279 Galilaeum,
577 1216 665 1277 quem
689 1205 842 1258 aeternum
872 1198 1004 1260 fabulose
1032 1191 1226 1282 praedicat2),
1254 1201 1297 1260 in·

150 1306 237 1385 digna
262 1313 357 1365 morte
376 1314 407 1366 et
426 1304 577 1385 sepultura
598 1304 779 1367 denudatum
799 1306 941 1366 confictae
965 1325 981 1366 a
1000 1306 1128 1367 Diodoro
1153 1301 1299 1369 deitatis“.

149 1412 274 1474 Graece:
298 1410 331 1473 Εἰ
354 1410 464 1474 τοίνυν
487 1411 562 1489 ἡμῖν
585 1409 748 1488 ἐπίκουροι
773 1412 960 1489 γενήςονται
984 1412 1051 1474 θεοὶ
1075 1411 1125 1472 καλ
1149 1410 1219 1474 θεαὶ
1243 1413 1295 1475 καὶ

151 1520 275 1583 Μούςαι
305 1520 399 1581 πάςαι
419 1518 469 1581 καὶ
493 1517 594 1597 Τύχη,
624 1517 768 1595 δείξομεν
792 1516 908 1597 ἀςθενῆ
937 1520 988 1582 καὶ
1017 1521 1165 1596 λυμεῶνα
1189 1517 1299 1596 νόμων

150 1626 200 1690 καὶ
224 1625 332 1701 λύγων
356 1626 407 1688 καί
427 1624 603 1703 μυςτηρίων
621 1624 812 1702 Ἑλληνικῶν
830 1626 881 1688 καὶ
903 1629 987 1689 θεῶν
1008 1625 1147 1702 χθονίων
1171 1626 1299 1689 καὶτὸν

151 1735 228 1798 νέον
258 1731 357 1795 αὐτοῦ
390 1732 466 1796 θεὸν
496 1733 677 1815 Γαλιλαῖον,
707 1732 746 1796 ὃν
774 1731 906 1795 αἰώνιον
939 1738 1093 1811 μυθωδῶς
1121 1737 1300 1813 δοξολογεῑ,

151 1838 269 1921 ἀναξίῳ
303 1837 431 1922 θανάτῳ
464 1840 515 1902 καί
545 1845 632 1922 ταφῇ
666 1836 940 1917 ἀπογυμνωθέντα
970 1845 1025 1919 τῆς
1054 1840 1301 1920 ςυμπλαςθείςης

151 1947 214 2010 ὑπὸ
238 1946 411 2025 Διοδώρου
436 1945 595 2024 θεότητος.
634 1949 748 2020 Quibus
772 1948 870 2009 verbis
894 1948 973 2028 quod
997 1952 1026 2009 in
1047 1952 1176 2010 animum
1201 1970 1233 2012 se
1256 1954 1300 2012 in·

96 2140 98 2145 ¹
152 2059 274 2119 dunsse
289 2058 531 2137 pronuntiaverat
545 2057 676 2118 lulianus
691 2058 824 2139 perfecit,
844 2076 913 2118 cum
928 2057 1030 2119 relicta
1046 2057 1302 2138 Constantinopoli

153 2184 207 2246 per
229 2161 387 2224 hibernum
412 2181 436 2224 a.
465 2158 606 2243 362J363
629 2170 748 2243 tempus
771 2162 941 2224 Antiochiae
966 2173 1208 2226 commoraretur.
1245 2165 1302 2226 Ubi

154 2273 309 2351 scripsisse
334 2289 402 2330 eum
425 2270 517 2331 libros
541 2271 598 2331 diis
619 2270 798 2350 opitulantes
822 2275 980 2332 memoriae
1005 2272 1134 2351 prodidit
1152 2271 1303 2355 Libanum,

154 2381 241 2440 cuius
264 2379 337 2439 haec
361 2386 431 2438 sunt
453 2380 538 2438 inea
561 2380 703 2458 oratione,
727 2396 802 2456 quae
826 2378 1001 2439 inscribitur
1024 2378 1043 2455 ἡ
1068 2377 1120 2440 ἐπὶ
1140 2375 1303 2460 Ἰουλιανῶ

155 2481 297 2566 μονῳδία
329 2478 388 2566 (ed.
417 2480 807 2565 Reisk.1513,3sqq.):
845 2481 920 2560 ἧκεν
949 2479 1006 2566 (sc.
1036 2483 1220 2568 Ἰουλιανὸς)
1259 2486 1303 2549 είς

154 2593 212 2670 τὴν
241 2589 382 2668 μεγάλην
410 2590 468 2666 τὴν
497 2587 661 2667 Ἀντιόχου
690 2587 797 2667 πόλιν,
826 2591 858 2668 ἢ,
888 2590 915 2653 εί
944 2591 1052 2670 βούλει
1080 2612 1130 2670 γε,
1159 2589 1302 2657 Ἀλεξάν-

157 2704 244 2781 δρου,
266 2703 325 2762 τού
344 2696 442 2777 φίλου
465 2717 500 2760 τε
520 2696 608 2779 αὐτῷ
631 2695 682 2759 καὶ
705 2695 763 2759 οὐκ
786 2697 906 2760 ἐῶντος
930 2697 1108 2777 καθεύδειν,
1133 2698 1240 2778 ὥςπερ
1265 2702 1303 2780 δή

156 2827 227 2871 τινα
255 2806 431 2884 ςτρατηγὸν
465 2804 650 2885 ςτρατηγὸς,
682 2800 849 2881 Ἀθηναῖος
882 2802 1058 2882 Ἀθηναῖον.
1106 2803 1144 2868 οὗ
1178 2806 1215 2884 δὴ
1249 2827 1305 2883 μυ-Ι

127 2898 129 2902 ’
158 2913 220 2992 ρίαι
249 2913 306 2991 μέν
335 2910 534 2989 δικαζόμεναι
562 2908 655 2987 δίκαι,
684 2911 817 2973 πολλῶν
845 2911 880 2973 δὲ
904 2912 1003 2974 θέςεις
1026 2909 1147 2990 νόμων,
1177 2911 1305 2991 βιβλίων

157 3041 193 3084 τε
226 3019 406 3097 ςυγγραφαὶ
444 3015 649 3097 βοηθούντων
681 3021 776 3080 θεοῖς.
824 3018 888 3089 Quo
924 3019 988 3080 loco
1021 3023 1188 3100 respexisse
1221 3020 1305 3080 Liba-

159 3132 240 3190 nium
275 3129 310 3189 ad
339 3128 443 3188 luliani
469 3127 561 3187 libros
595 3136 698 3188 contra
727 3126 909 3187 Christianos
943 3127 1037 3188 editos
1069 3126 1154 3206 plane
1183 3136 1306 3206 apparet

159 3257 194 3298 ex
219 3239 283 3296 eius
313 3234 423 3316 verbis,
452 3253 526 3313 quae
555 3237 747 3295 inveniuntur
775 3236 806 3293 in
835 3233 982 3312 epitaphio
1006 3230 1019 3292 I
1042 3231 1122 3315 581,
1140 3232 1179 3295 17
1204 3254 1247 3314 sq.
1272 3235 1305 3294 R.

160 3343 216 3405 Ubi
234 3353 390 3422 postquam
407 3344 535 3402 narravit
554 3344 763 3420 imperatorem
784 3339 893 3401 bellum
911 3351 1013 3400 contra
1029 3340 1134 3401 Persas
1153 3351 1305 3420 parantem

161 3470 214 3531 per
238 3468 342 3510 novem
363 3467 480 3509 menses
499 3451 529 3508 in
550 3448 634 3528 Syria
653 3457 867 3509 commoratum
886 3467 951 3508 esse
972 3443 999 3531 (l
1017 3446 1091 3530 576,
1109 3446 1149 3509 14
1159 3468 1222 3528 sqq.
1243 3449 1307 3508 coll.

161 3550 510 3637 cum1578,14sqq.):
533 3557 591 3616 τού
615 3556 771 3632 χειμῶνος
795 3554 839 3630 δὲ,
862 3557 972 3636 inquit,
994 3553 1051 3616 τάς
1075 3553 1188 3616 νύκτας
1211 3552 1307 3616 ἐκτεί-

161 3681 285 3739 νοντος,
309 3658 538 3724 &coenobium
561 3660 612 3723 καὶ
631 3662 738 3723 καλῶν
758 3658 878 3735 ἑτέρων
902 3658 1010 3735 λόγων
1029 3660 1214 3737 ἐπιθέμενος
1237 3665 1308 3724 ταῖς

165 3769 291 3849 βίβλοις,
311 3768 343 3831 αἳ
362 3769 420 3832 τὸν
439 3768 473 3831 ἐκ
487 3766 699 3844 Παλαιςτίνης
714 3763 887 3844 ἄνθρωπον
907 3765 982 3830 θεόν
997 3786 1031 3830 τε
1047 3749 1103 3829 καί
1116 3772 1192 3831 θεοῦ
1207 3773 1308 3832 παῖδα

162 3880 300 3954 ποιοθςι,
329 3875 411 3959 μάχῃ
440 3896 474 3939 τε
503 3879 605 3957 μακρᾷ
632 3874 682 3937 καί
710 3874 854 3952 ἐλέγχων
883 3874 962 3953 ἰςχύι
985 3875 1112 3950 γέλωτα
1136 3872 1308 3954 ἀποφήνας

165 4040 324 4047 -....-
344 4039 377 4044 ..-

237 4125 263 4195 1)
283 4123 366 4178 Falso
381 4123 466 4177 etiam
481 4121 642 4179 Hertlenius
660 4121 727 4190 post
745 4137 842 4174 vocem
859 4119 1053 4175 ‘infernorum’
1069 4121 1209 4174 commate
1223 4119 1309 4175 inter-

157 4212 271 4281 punxit.

217 4300 250 4362 2)
265 4297 463 4369 Commapost
477 4299 647 4369 praedicat'
664 4300 768 4371 omisit,
783 4303 849 4371 post
858 4299 1024 4370 ‘sepultura’
1037 4299 1131 4368 posuit
1141 4300 1309 4357 Hertlenius.
