2910 4688
525 189 566 243 De
585 190 686 245 Iuliani
703 190 837 244 librorum
856 189 928 244 fatis.
1283 183 1300 246 7

153 354 205 417 καὶ
224 355 402 433 φλήναφον
420 355 460 417 τὰ
477 354 638 433 τιμώμενα
646 353 678 437 ¹),
699 353 884 434 (οφώτεροε
904 354 939 417 ἐν
953 357 1021 417 τοῑε
1036 352 1145 415 αὐτοῖς
1161 352 1302 416 hebetato

153 466 212 525 τοῦ
236 462 352 540 Τυρίου
376 464 531 540 γέροντο(
555 458 612 549 (sc.
635 460 850 547 Πορφυρίου).
888 464 947 523 lam
972 481 1041 522 vero
1066 481 1132 522 cnm
1157 460 1302 522 lulianum

153 571 338 632 Antiochiam
364 572 520 650 reliquisse
544 579 662 633 constet
684 591 708 632 a.
732 572 759 632 d.
781 571 828 631 lll.
852 571 926 631 Non.
945 563 1071 652 March,
1095 571 1302 648 cognoscimus

153 678 223 738 inde
246 680 420 759 terminum,
445 686 512 739 ante
536 681 753 760 quem‘scripti
782 681 841 740 sint
864 695 986 738 necesse
1010 684 1056 738 est
1083 679 1104 737 ii
1132 677 1168 736 de
1193 676 1302 761 quibus

154 766 374 867 agimus'librh
404 789 428 846 si
452 786 573 864 quidem
596 795 678 847 recte
702 788 859 847 statuimus
883 784 1053 844 Antiochiae
1079 802 1129 844 eos
1153 783 1188 843 ad
1213 785 1301 843 linem

153 895 314 974 perductos
342 912 417 954 esse.
466 896 560 972 Atque
594 893 649 954 hoc
683 893 803 973 quidem
837 895 953 972 negavit
981 891 1142 953 Teullelius
1171 885 1301 973 (Pauly's

153 1001 451 1081 Realencyclopaedie
475 1000 512 1060 lV
534 997 615 1083 416)
646 1010 709 1061 tum
739 1001 858 1061 demum
886 1019 937 1060 eos
961 1001 1113 1078 'perlectos
1142 1017 1206 1058 esse
1232 1017 1300 1058 cou-

153 1110 287 1191 tendens,
302 1129 370 1170 cum
384 1109 515 1170 lulianus
529 1110 631 1170 relicta
642 1109 795 1169 Antiochia
810 1109 920 1180 bellum
935 1116 1038 1168 contra
1053 1107 1159 1168 Persas
1174 1115 1300 1186 gereret.

153 1217 261 1278 Mirum
285 1225 366 1277 certe
390 1236 449 1277 non
473 1225 519 1278 est
546 1219 756 1296 imperatorem
780 1219 868 1277 etiam
891 1235 944 1295 per
968 1233 1118 1275 armorum
1143 1217 1300 1293 strepitum

154 1331 183 1383 et
207 1322 345 1384 tubarum
370 1326 498 1385 sonitum
522 1323 630 1384 litteris
654 1341 785 1404 vacasse3
808 1341 905 1401 neque
929 1331 1026 1382 tamen
1051 1322 1123 1380 satis
1146 1338 1233 1398 grave
1255 1326 1301 1380 e'st

153 1450 211 1510 quo
241 1430 404 1491 Teull'elius
437 1433 542 1491 nititur
570 1431 742 1510 Hieronymi
771 1431 987 1510 testimonium3
1017 1447 1106 1507 quem
1140 1445 1197 1486 non
1227 1445 1302 1506 nego

153 1539 188 1599 ad
212 1541 427 1598 accuratiorem
452 1520 585 1599 notitiam
606 1557 747 1599 reruma
765 1538 877 1598 Iuliano
902 1545 1051 1616 gestarum
1070 1538 1226 1615 pervenire
1250 1555 1301 1615 po-

153 1649 260 1727 tuisse,
289 1665 356 1706 nam
385 1646 581 1726 Apollinarem
609 1646 808 1706 Laodicenum
836 1647 1009 1724 frequenter
1037 1663 1101 1705 sese
1130 1644 1301 1705 Antiochiae

153 1755 299 1815 audivisse
336 1756 509 1834 pronuntiat
547 1757 577 1814 in
610 1755 734 1833 epistula
763 1752 915 1815 LXXXIV.
954 1754 987 1814 ad
1021 1752 1241 1813 Pammachium
1272 1759 1302 1811 et

152 1860 302 1922 Oceanum
331 1861 398 1922 data
425 1861 437 1920 l
462 1857 559 1922 abac
584 1855 676 1923 Vall.².
718 1861 821 1940 Neque
850 1871 948 1922 tamen
977 1860 1109 1940 urgenda
1138 1868 1208 1920 sunt
1238 1861 1301 1919 eius

154 1968 254 2050 verba,
277 1987 352 2047 quae
376 1972 568 2030 inveniuntur
598 1971 629 2028 in
653 1968 779 2047 epistula
802 1968 887 2029 LXX.
911 1969 946 2028 ad
970 1968 1106 2047 Magnum
1131 1968 1198 2028 data
1217 1962 1301 2046 (ibid.

151 2096 179 2155 p.
199 2073 332 2159 427E):
369 2076 513 2137 lulianum
547 2077 712 2155 Augustum
740 2075 789 2135 Vll
824 2075 915 2136 libros
947 2078 976 2135 in
1011 2075 1197 2154 expeditione
1231 2074 1300 2134 Par-

153 2184 230 2244 thica
253 2184 409 2244 adversum
428 2182 578 2243 Christum
603 2186 783 2264 evomuisse3
806 2182 942 2242 Parthica
963 2185 1040 2242 enim
1065 2183 1212 2262 expeditio
1237 2184 1300 2242 lieri

151 2299 254 2370 coepta
279 2299 325 2350 est
352 2290 454 2350 relicta
481 2289 743 2369 Constantinopoli.
785 2289 888 2368 Neque
913 2290 1028 2350 videtur
1054 2308 1119 2349 esse
1144 2289 1299 2368 neglegen-

151 2397 220 2458 dum
244 2397 359 2458 Libanii
388 2397 569 2477 epitaphium
598 2416 663 2457 esse
685 2400 714 2457 in
744 2415 868 2457 numero
890 2416 992 2457 earum
1021 2399 1197 2478 orationum,
1225 2416 1300 2476 quae

51 2579 53 2589 .
150 2505 396 2565 demonstrativae
422 2504 614 2586 vocabantur3
642 2515 730 2584 atquc
758 2508 788 2565 in
813 2525 846 2566 ea
870 2509 1003 2567 oratione
1032 2507 1093 2566 veri
1117 2504 1298 2564 simillimum

151 2618 196 2671 est
215 2611 349 2673 futurum
369 2612 470 2692 luisse,
495 2620 527 2672 ut
546 2611 688 2693 laudator,
713 2614 763 2691 qui
783 2613 961 2692 discipulum
980 2612 1186 2692 admiraretur,
1210 2610 1298 2671 verba

150 2719 261 2779 laceret
284 2719 320 2779 de
344 2718 519 2799 philosopho
543 2721 721 2798 imperatore
745 2738 782 2780 ne
806 2722 835 2780 in
861 2722 965 2780 castris
989 2719 1108 2799 quidem
1132 2720 1297 2780 litterarum

149 2829 331 2907 immemore,
351 2829 427 2888 sire
448 2846 515 2887 vera
536 2838 598 2888 tum
618 2827 738 2888 demum
757 2829 793 2888 ad
812 2829 901 2889 tinem
920 2829 1055 2907 perducti
1076 2836 1176 2887 essent
1196 2835 1297 2887 contra

149 2934 332 2995 ChristIanos
361 2934 437 2994 libri.
480 2935 521 2994 De
550 2952 677 3013 quorum
708 2943 840 3014 tempore
870 2944 964 2995 exstat
992 2937 1080 2995 etiam
1109 2935 1297 3014 Theophanis

149 3044 350 3103 testimonium
380 3035 438 3121 (ed.
468 3041 560 3101 Bonn.
585 3060 613 3120 p.
638 3039 694 3122 80,
721 3039 760 3101 13
780 3036 872 3123 sqq),
904 3045 956 3121 qni
984 3061 1088 3102 eorum
1117 3045 1297 3103 mentionem

149 3148 228 3229 lecit,
252 3168 320 3208 cum
344 3157 479 3209 narraret
503 3168 551 3208 res
575 3167 652 3208 anno
673 3149 774 3209 mundi
794 3145 880 3210 5855
899 3151 917 3208 i.
933 3168 958 3210 e.
978 3168 1002 3209 a.
1018 3169 1044 3228 p.
1061 3149 1089 3209 C.
1113 3170 1140 3210 n.
1156 3145 1297 3230 362t363

148 3266 253 3335 gestas
292 3256 370 3336 Ergo
394 3276 452 3317 non
473 3264 619 3336 repugnat
642 3259 748 3316 rationi
768 3275 855 3335 quam
875 3255 996 3317 Libanio
1021 3260 1081 3318 nixi
1104 3260 1296 3319 instituimus.

149 3364 251 3443 Neque
271 3383 341 3424 vero
361 3363 549 3444 Theophanis
568 3363 722 3424 dissensus
741 3362 830 3425 ullius
849 3367 991 3424 momenti
1011 3374 1098 3446 esset,
1118 3384 1206 3444 quem
1226 3365 1296 3426 hau-

152 3473 225 3531 sisse
249 3490 300 3532 sua
325 3470 381 3531 hoc
405 3471 468 3531 loco
493 3471 570 3530 inlra
589 3471 779 3531 ostendemus
798 3491 833 3530 ex
854 3470 954 3549 Cyrilli
976 3475 1128 3551 prooemio
1152 3472 1295 3533 librorum

151 3586 252 3638 contra
277 3577 421 3638 lulianum
450 3580 643 3658 scriptorum3
672 3576 723 3637 ubi
751 3595 819 3637 cum
847 3580 990 3656 temporis
1017 3581 1121 3639 notitia
1148 3579 1295 3658 adscripta

224 3877 248 3944 1)
271 3875 311 3928 Τὰ
333 3875 474 3940 τιμώμενα
497 3874 609 3929 exhibet
632 3875 718 3929 codex
742 3874 900 3930 Bavaricus.
939 3875 1027 3940 Quam
1051 3876 1217 3946 scripturam
1235 3894 1294 3946 esse

149 3964 345 4034 recipiendam,
364 3963 535 4018 reiciendum
553 3965 672 4019 alteram
690 3966 725 4019 τὰ
744 3967 879 4031 λεγόμενα
899 3965 1019 4018 efficitur
1038 3983 1071 4019 ex
1086 3966 1209 4021 Socratis
1228 3967 1293 4022 hist.

149 4054 216 4108 eccl.
236 4053 276 4107 Ill
295 4060 341 4120 23,
365 4052 414 4106 ubi
433 4052 462 4106 in
482 4054 567 4108 allato
586 4055 639 4108 hoc
659 4055 770 4108 Libanii
793 4055 854 4109 loco
873 4054 970 4108 eadem
990 4055 1074 4110 lectio
1094 4058 1186 4111 exstat
1202 4058 1238 4110 τὰ
1256 4075 1294 4111 τι-

148 4144 269 4209 μώμενα.

220 4233 248 4300 2)
267 4231 357 4285 Amm.
376 4231 460 4285 Marc.
481 4231 571 4285 XXlII
590 4238 636 4286 26:
664 4233 778 4302 iamque
801 4234 944 4304 apricante
968 4235 1046 4289 caclo
1068 4235 1188 4288 tertium
1206 4252 1303 4287 nonae

148 4319 263 4375 Martias
279 4319 422 4391 profectus
440 4319 620 4397 Hierapolim
637 4322 733 4381 solitis
748 4322 905 4381 'thimatibus
918 4321 1015 4376 *ae-dh.
