<?xml version="1.0" encoding="UTF-8"?>
<!DOCTYPE html PUBLIC "-//W3C//DTD XHTML 1.0 Transitional//EN"
    "http://www.w3.org/TR/xhtml1/DTD/xhtml1-transitional.dtd">
<html xmlns="http://www.w3.org/1999/xhtml" xml:lang="en" lang="en">
 <head>
  <title>
</title>
<meta http-equiv="Content-Type" content="text/html;charset=utf-8" />
  <meta name='ocr-system' content='tesseract 3.04.00' />
  <meta name='ocr-capabilities' content='ocr_page ocr_carea ocr_par ocr_line ocrx_word'/>
</head>
<body>
  <div class='ocr_page' id='page_1' title='image "./prolegomenainju00neumgoog_0017.png"; bbox 0 0 2910 4688; ppageno 0'>
   <div class='ocr_carea' id='block_1_1' title="bbox 518 191 1296 253">
    <p class='ocr_par' dir='ltr' id='par_1_1' title="bbox 518 191 1296 253">
     <span class='ocr_line' id='line_1_1' title="bbox 518 191 1296 253; baseline -0.003 -4"><span class='ocrx_word' id='word_1_1' title='bbox 518 197 559 250; x_wconf 91' lang='lat' dir='ltr'>De</span> <span class='ocrx_word' id='word_1_2' title='bbox 578 195 678 250; x_wconf 85' lang='lat' dir='ltr'>Iuliani</span> <span class='ocrx_word' id='word_1_3' title='bbox 696 194 831 250; x_wconf 89' lang='lat' dir='ltr'>librorum</span> <span class='ocrx_word' id='word_1_4' title='bbox 850 194 923 248; x_wconf 76' lang='lat' dir='ltr'>fabio.</span> <span class='ocrx_word' id='word_1_5' title='bbox 1276 191 1296 253; x_wconf 82' lang='grc'><strong>9</strong></span> 
     </span>
    </p>
   </div>
   <div class='ocr_carea' id='block_1_2' title="bbox 93 361 1333 4427">
    <p class='ocr_par' dir='ltr' id='par_1_2' title="bbox 93 361 1333 4427">
     <span class='ocr_line' id='line_1_2' title="bbox 149 361 1297 442; baseline -0.009 -14"><span class='ocrx_word' id='word_1_6' title='bbox 149 363 258 442; x_wconf 67' lang='grc' dir='ltr'>ἕτερός</span> <span class='ocrx_word' id='word_1_7' title='bbox 287 384 332 427; x_wconf 76' lang='grc' dir='ltr'>τι(</span> <span class='ocrx_word' id='word_1_8' title='bbox 361 362 397 426; x_wconf 92' lang='lat' dir='ltr'>ab</span> <span class='ocrx_word' id='word_1_9' title='bbox 425 366 461 423; x_wconf 90' lang='lat' dir='ltr'>iis</span> <span class='ocrx_word' id='word_1_10' title='bbox 485 364 536 441; x_wconf 91' lang='lat' dir='ltr'>qui</span> <span class='ocrx_word' id='word_1_11' title='bbox 564 382 580 422; x_wconf 91' lang='lat' dir='ltr'>a</span> <span class='ocrx_word' id='word_1_12' title='bbox 608 361 771 422; x_wconf 91' lang='lat' dir='ltr'>lustiniano</span> <span class='ocrx_word' id='word_1_13' title='bbox 800 363 872 422; x_wconf 89' lang='lat' dir='ltr'>iussi</span> <span class='ocrx_word' id='word_1_14' title='bbox 902 361 1032 421; x_wconf 82' lang='lat' dir='ltr'>codicem</span> <span class='ocrx_word' id='word_1_15' title='bbox 1058 367 1297 439; x_wconf 89' lang='lat' dir='ltr'>composuerunt.</span> 
     </span>
     <span class='ocr_line' id='line_1_3' title="bbox 93 465 1297 548; baseline -0.005 -14"><span class='ocrx_word' id='word_1_16' title='bbox 93 496 97 501; x_wconf 75' lang='grc'>’</span> <span class='ocrx_word' id='word_1_17' title='bbox 149 475 181 534; x_wconf 92' lang='lat' dir='ltr'>ln</span> <span class='ocrx_word' id='word_1_18' title='bbox 205 475 242 534; x_wconf 92' lang='lat' dir='ltr'>iis</span> <span class='ocrx_word' id='word_1_19' title='bbox 266 491 336 533; x_wconf 91' lang='lat' dir='ltr'>sane</span> <span class='ocrx_word' id='word_1_20' title='bbox 364 471 447 531; x_wconf 91' lang='lat' dir='ltr'>libris</span> <span class='ocrx_word' id='word_1_21' title='bbox 476 488 565 530; x_wconf 90' lang='lat' dir='ltr'>manu</span> <span class='ocrx_word' id='word_1_22' title='bbox 589 471 708 548; x_wconf 91' lang='lat' dir='ltr'>scriptis</span> <span class='ocrx_word' id='word_1_23' title='bbox 732 468 864 529; x_wconf 83' lang='lat' dir='ltr'>codicem</span> <span class='ocrx_word' id='word_1_24' title='bbox 888 465 1095 527; x_wconf 81' lang='lat' dir='ltr'>exhibentibus</span> <span class='ocrx_word' id='word_1_25' title='bbox 1120 486 1194 545; x_wconf 90' lang='lat' dir='ltr'>quos</span> <span class='ocrx_word' id='word_1_26' title='bbox 1219 486 1297 528; x_wconf 91' lang='lat' dir='ltr'>nunc</span> 
     </span>
     <span class='ocr_line' id='line_1_4' title="bbox 147 574 1298 660; baseline -0.006 -19"><span class='ocrx_word' id='word_1_27' title='bbox 147 581 336 660; x_wconf 87' lang='lat' dir='ltr'>possidemus</span> <span class='ocrx_word' id='word_1_28' title='bbox 365 580 504 658; x_wconf 89' lang='lat' dir='ltr'>quoniam</span> <span class='ocrx_word' id='word_1_29' title='bbox 528 577 639 637; x_wconf 79' lang='lat' dir='ltr'>Graece</span> <span class='ocrx_word' id='word_1_30' title='bbox 668 574 824 636; x_wconf 82' lang='lat' dir='ltr'>exhibetur</span> <span class='ocrx_word' id='word_1_31' title='bbox 853 576 959 634; x_wconf 87' lang='lat' dir='ltr'>omissa</span> <span class='ocrx_word' id='word_1_32' title='bbox 984 581 1029 633; x_wconf 91' lang='lat' dir='ltr'>est</span> <span class='ocrx_word' id='word_1_33' title='bbox 1052 574 1211 634; x_wconf 87' lang='lat' dir='ltr'>Theodosii</span> <span class='ocrx_word' id='word_1_34' title='bbox 1238 574 1298 655; x_wconf 79' lang='lat' dir='ltr'>lex3</span> 
     </span>
     <span class='ocr_line' id='line_1_5' title="bbox 149 680 1299 765; baseline -0.005 -17"><span class='ocrx_word' id='word_1_35' title='bbox 149 686 201 748; x_wconf 90' lang='lat' dir='ltr'>sed</span> <span class='ocrx_word' id='word_1_36' title='bbox 230 689 287 747; x_wconf 90' lang='lat' dir='ltr'>iam</span> <span class='ocrx_word' id='word_1_37' title='bbox 316 687 431 765; x_wconf 83' lang='lat' dir='ltr'>pridem</span> <span class='ocrx_word' id='word_1_38' title='bbox 460 704 496 745; x_wconf 92' lang='lat' dir='ltr'>ex</span> <span class='ocrx_word' id='word_1_39' title='bbox 523 683 717 744; x_wconf 89' lang='lat' dir='ltr'>Basilicorum</span> <span class='ocrx_word' id='word_1_40' title='bbox 745 682 829 743; x_wconf 89' lang='lat' dir='ltr'>libris</span> <span class='ocrx_word' id='word_1_41' title='bbox 862 699 927 742; x_wconf 88' lang='lat' dir='ltr'>eam</span> <span class='ocrx_word' id='word_1_42' title='bbox 956 700 1009 741; x_wconf 91' lang='lat' dir='ltr'>suo</span> <span class='ocrx_word' id='word_1_43' title='bbox 1037 680 1102 741; x_wconf 93' lang='lat' dir='ltr'>loco</span> <span class='ocrx_word' id='word_1_44' title='bbox 1133 682 1299 742; x_wconf 87' lang='lat' dir='ltr'>intulerunt</span> 
     </span>
     <span class='ocr_line' id='line_1_6' title="bbox 148 789 1298 871; baseline -0.004 -18"><span class='ocrx_word' id='word_1_45' title='bbox 148 796 223 854; x_wconf 90' lang='lat' dir='ltr'>iuris</span> <span class='ocrx_word' id='word_1_46' title='bbox 242 794 378 854; x_wconf 86' lang='lat' dir='ltr'>consulti.</span> <span class='ocrx_word' id='word_1_47' title='bbox 412 793 516 871; x_wconf 89' lang='lat' dir='ltr'>Neque</span> <span class='ocrx_word' id='word_1_48' title='bbox 531 810 601 852; x_wconf 86' lang='lat' dir='ltr'>vero</span> <span class='ocrx_word' id='word_1_49' title='bbox 616 793 634 850; x_wconf 93' lang='lat' dir='ltr'>ii</span> <span class='ocrx_word' id='word_1_50' title='bbox 656 790 796 851; x_wconf 91' lang='lat' dir='ltr'>censendi</span> <span class='ocrx_word' id='word_1_51' title='bbox 816 797 886 850; x_wconf 91' lang='lat' dir='ltr'>sunt</span> <span class='ocrx_word' id='word_1_52' title='bbox 901 809 934 850; x_wconf 88' lang='lat' dir='ltr'>ea</span> <span class='ocrx_word' id='word_1_53' title='bbox 948 789 1038 850; x_wconf 89' lang='lat' dir='ltr'>verba</span> <span class='ocrx_word' id='word_1_54' title='bbox 1056 791 1228 870; x_wconf 89' lang='lat' dir='ltr'>inseruisse,</span> <span class='ocrx_word' id='word_1_55' title='bbox 1247 791 1298 867; x_wconf 94' lang='lat' dir='ltr'>qui</span> 
     </span>
     <span class='ocr_line' id='line_1_7' title="bbox 149 896 1299 977; baseline -0.007 -15"><span class='ocrx_word' id='word_1_56' title='bbox 149 920 228 962; x_wconf 91' lang='lat' dir='ltr'>nono</span> <span class='ocrx_word' id='word_1_57' title='bbox 261 901 378 962; x_wconf 91' lang='lat' dir='ltr'>saeculo</span> <span class='ocrx_word' id='word_1_58' title='bbox 412 907 539 960; x_wconf 89' lang='lat' dir='ltr'>exeunte</span> <span class='ocrx_word' id='word_1_59' title='bbox 567 897 761 958; x_wconf 91' lang='lat' dir='ltr'>Basilicorum</span> <span class='ocrx_word' id='word_1_60' title='bbox 794 897 886 957; x_wconf 88' lang='lat' dir='ltr'>libros</span> <span class='ocrx_word' id='word_1_61' title='bbox 915 905 1153 977; x_wconf 90' lang='lat' dir='ltr'>composuerunt.</span> <span class='ocrx_word' id='word_1_62' title='bbox 1196 896 1299 974; x_wconf 87' lang='lat' dir='ltr'>Neque</span> 
     </span>
     <span class='ocr_line' id='line_1_8' title="bbox 149 1002 1299 1086; baseline -0.007 -16"><span class='ocrx_word' id='word_1_63' title='bbox 149 1012 228 1070; x_wconf 92' lang='lat' dir='ltr'>enim</span> <span class='ocrx_word' id='word_1_64' title='bbox 252 1011 432 1070; x_wconf 90' lang='lat' dir='ltr'>omittuntur</span> <span class='ocrx_word' id='word_1_65' title='bbox 455 1007 519 1067; x_wconf 89' lang='lat' dir='ltr'>illac</span> <span class='ocrx_word' id='word_1_66' title='bbox 544 1025 631 1066; x_wconf 89' lang='lat' dir='ltr'>voces</span> <span class='ocrx_word' id='word_1_67' title='bbox 656 1025 670 1066; x_wconf 93' lang='lat' dir='ltr'>a</span> <span class='ocrx_word' id='word_1_68' title='bbox 690 1006 846 1065; x_wconf 86' lang='lat' dir='ltr'>Theodoro</span> <span class='ocrx_word' id='word_1_69' title='bbox 869 1005 1051 1086; x_wconf 87' lang='lat' dir='ltr'>Balsamoue,</span> <span class='ocrx_word' id='word_1_70' title='bbox 1076 1007 1127 1084; x_wconf 91' lang='lat' dir='ltr'>qui</span> <span class='ocrx_word' id='word_1_71' title='bbox 1151 1006 1206 1064; x_wconf 87' lang='lat' dir='ltr'>luit</span> <span class='ocrx_word' id='word_1_72' title='bbox 1225 1002 1299 1063; x_wconf 88' lang='lat' dir='ltr'>Con·</span> 
     </span>
     <span class='ocr_line' id='line_1_9' title="bbox 149 1110 1299 1195; baseline -0.006 -19"><span class='ocrx_word' id='word_1_73' title='bbox 149 1116 340 1195; x_wconf 88' lang='lat' dir='ltr'>stantinopoli</span> <span class='ocrx_word' id='word_1_74' title='bbox 359 1122 485 1176; x_wconf 90' lang='lat' dir='ltr'>exeunte</span> <span class='ocrx_word' id='word_1_75' title='bbox 506 1113 623 1174; x_wconf 92' lang='lat' dir='ltr'>saeculo</span> <span class='ocrx_word' id='word_1_76' title='bbox 643 1113 831 1193; x_wconf 79' lang='lat' dir='ltr'>duodecim03</span> <span class='ocrx_word' id='word_1_77' title='bbox 856 1121 951 1173; x_wconf 89' lang='lat' dir='ltr'>exstat</span> <span class='ocrx_word' id='word_1_78' title='bbox 969 1115 1047 1172; x_wconf 94' lang='lat' dir='ltr'>enim</span> <span class='ocrx_word' id='word_1_79' title='bbox 1071 1113 1116 1172; x_wconf 91' lang='lat' dir='ltr'>lex</span> <span class='ocrx_word' id='word_1_80' title='bbox 1137 1112 1184 1171; x_wconf 93' lang='lat' dir='ltr'>illa</span> <span class='ocrx_word' id='word_1_81' title='bbox 1204 1110 1299 1170; x_wconf 85' lang='lat' dir='ltr'>Theo-</span> 
     </span>
     <span class='ocr_line' id='line_1_10' title="bbox 149 1218 1299 1284; baseline -0.006 0"><span class='ocrx_word' id='word_1_82' title='bbox 149 1224 226 1284; x_wconf 90' lang='lat' dir='ltr'>dosii</span> <span class='ocrx_word' id='word_1_83' title='bbox 254 1225 342 1284; x_wconf 90' lang='lat' dir='ltr'>etiam</span> <span class='ocrx_word' id='word_1_84' title='bbox 375 1224 405 1282; x_wconf 93' lang='lat' dir='ltr'>in</span> <span class='ocrx_word' id='word_1_85' title='bbox 438 1220 517 1281; x_wconf 91' lang='lat' dir='ltr'>illius</span> <span class='ocrx_word' id='word_1_86' title='bbox 547 1219 813 1280; x_wconf 89' lang='lat' dir='ltr'>ecclesiasticarum</span> <span class='ocrx_word' id='word_1_87' title='bbox 847 1222 1092 1280; x_wconf 74' lang='lat' dir='ltr'>constitutionum</span> <span class='ocrx_word' id='word_1_88' title='bbox 1126 1218 1299 1278; x_wconf 88' lang='lat' dir='ltr'>collectione</span> 
     </span>
     <span class='ocr_line' id='line_1_11' title="bbox 149 1320 1298 1411; baseline -0.007 -20"><span class='ocrx_word' id='word_1_89' title='bbox 149 1350 178 1410; x_wconf 88' lang='lat' dir='ltr'>p.</span> <span class='ocrx_word' id='word_1_90' title='bbox 196 1327 280 1391; x_wconf 75' lang='lat'><strong>1233</strong></span> <span class='ocrx_word' id='word_1_91' title='bbox 301 1326 381 1411; x_wconf 86' lang='grc' dir='ltr'>(τῶν</span> <span class='ocrx_word' id='word_1_92' title='bbox 400 1327 659 1404; x_wconf 74' lang='grc' dir='ltr'>ἐκκληειαετικῶν</span> <span class='ocrx_word' id='word_1_93' title='bbox 679 1324 854 1389; x_wconf 79' lang='grc' dir='ltr'>διατάξεων</span> <span class='ocrx_word' id='word_1_94' title='bbox 874 1320 1040 1410; x_wconf 74' lang='lat' dir='ltr'>cudburh),</span> <span class='ocrx_word' id='word_1_95' title='bbox 1060 1345 1135 1405; x_wconf 89' lang='lat' dir='ltr'>quae</span> <span class='ocrx_word' id='word_1_96' title='bbox 1154 1329 1298 1403; x_wconf 86' lang='lat' dir='ltr'>impressa</span> 
     </span>
     <span class='ocr_line' id='line_1_12' title="bbox 150 1431 1299 1512; baseline -0.006 -15"><span class='ocrx_word' id='word_1_97' title='bbox 150 1440 300 1498; x_wconf 86' lang='lat' dir='ltr'>invenitur</span> <span class='ocrx_word' id='word_1_98' title='bbox 319 1439 349 1496; x_wconf 91' lang='lat' dir='ltr'>in</span> <span class='ocrx_word' id='word_1_99' title='bbox 363 1436 563 1496; x_wconf 83' lang='lat' dir='ltr'>bibliothecae</span> <span class='ocrx_word' id='word_1_100' title='bbox 583 1437 658 1496; x_wconf 89' lang='lat' dir='ltr'>iuris</span> <span class='ocrx_word' id='word_1_101' title='bbox 674 1437 807 1495; x_wconf 90' lang='lat' dir='ltr'>canonici</span> <span class='ocrx_word' id='word_1_102' title='bbox 826 1436 935 1494; x_wconf 91' lang='lat' dir='ltr'>veteris</span> <span class='ocrx_word' id='word_1_103' title='bbox 952 1452 1041 1512; x_wconf 89' lang='lat' dir='ltr'>opera</span> <span class='ocrx_word' id='word_1_104' title='bbox 1056 1433 1193 1494; x_wconf 86' lang='lat' dir='ltr'>Guilelmi</span> <span class='ocrx_word' id='word_1_105' title='bbox 1208 1431 1299 1492; x_wconf 79' lang='lat' dir='ltr'>Voelli</span> 
     </span>
     <span class='ocr_line' id='line_1_13' title="bbox 151 1538 1302 1621; baseline -0.007 -14"><span class='ocrx_word' id='word_1_106' title='bbox 151 1554 181 1607; x_wconf 88' lang='lat' dir='ltr'>et</span> <span class='ocrx_word' id='word_1_107' title='bbox 205 1545 326 1606; x_wconf 90' lang='lat' dir='ltr'>Henrici</span> <span class='ocrx_word' id='word_1_108' title='bbox 350 1544 463 1606; x_wconf 89' lang='lat' dir='ltr'>lustelli</span> <span class='ocrx_word' id='word_1_109' title='bbox 487 1552 566 1604; x_wconf 92' lang='lat' dir='ltr'>tomo</span> <span class='ocrx_word' id='word_1_110' title='bbox 591 1543 682 1604; x_wconf 88' lang='lat' dir='ltr'>altero</span> <span class='ocrx_word' id='word_1_111' title='bbox 706 1542 827 1602; x_wconf 92' lang='lat' dir='ltr'>Parisiis</span> <span class='ocrx_word' id='word_1_112' title='bbox 847 1561 871 1601; x_wconf 92' lang='lat' dir='ltr'>a.</span> <span class='ocrx_word' id='word_1_113' title='bbox 889 1538 972 1601; x_wconf 87' lang='grc'><strong>1661</strong></span> <span class='ocrx_word' id='word_1_114' title='bbox 995 1541 1073 1601; x_wconf 91' lang='lat' dir='ltr'>edito</span> <span class='ocrx_word' id='word_1_115' title='bbox 1098 1561 1124 1621; x_wconf 93' lang='lat' dir='ltr'>p.</span> <span class='ocrx_word' id='word_1_116' title='bbox 1144 1538 1226 1601; x_wconf 76' lang='lat' dir='ltr'>121l</span> <span class='ocrx_word' id='word_1_117' title='bbox 1239 1558 1302 1618; x_wconf 91' lang='lat' dir='ltr'>sqq.</span> 
     </span>
     <span class='ocr_line' id='line_1_14' title="bbox 152 1648 1302 1732; baseline -0.006 -18"><span class='ocrx_word' id='word_1_118' title='bbox 152 1652 255 1732; x_wconf 89' lang='lat' dir='ltr'>Neque</span> <span class='ocrx_word' id='word_1_119' title='bbox 289 1659 457 1713; x_wconf 89' lang='lat' dir='ltr'>mutuatum</span> <span class='ocrx_word' id='word_1_120' title='bbox 492 1671 557 1712; x_wconf 88' lang='lat' dir='ltr'>esse</span> <span class='ocrx_word' id='word_1_121' title='bbox 591 1651 779 1711; x_wconf 86' lang='lat' dir='ltr'>Theodorum</span> <span class='ocrx_word' id='word_1_122' title='bbox 812 1650 1015 1710; x_wconf 90' lang='lat' dir='ltr'>Balsamouem</span> <span class='ocrx_word' id='word_1_123' title='bbox 1050 1649 1128 1709; x_wconf 92' lang='lat' dir='ltr'>illam</span> <span class='ocrx_word' id='word_1_124' title='bbox 1161 1648 1254 1727; x_wconf 89' lang='lat' dir='ltr'>legem</span> <span class='ocrx_word' id='word_1_125' title='bbox 1287 1666 1302 1707; x_wconf 93' lang='lat' dir='ltr'>a</span> 
     </span>
     <span class='ocr_line' id='line_1_15' title="bbox 151 1757 1302 1838; baseline -0.005 -17"><span class='ocrx_word' id='word_1_126' title='bbox 151 1760 345 1821; x_wconf 88' lang='lat' dir='ltr'>Basilicorum</span> <span class='ocrx_word' id='word_1_127' title='bbox 369 1758 466 1838; x_wconf 91' lang='lat' dir='ltr'>libris,</span> <span class='ocrx_word' id='word_1_128' title='bbox 490 1759 541 1818; x_wconf 91' lang='lat' dir='ltr'>sed</span> <span class='ocrx_word' id='word_1_129' title='bbox 565 1758 699 1819; x_wconf 84' lang='lat' dir='ltr'>hausisse</span> <span class='ocrx_word' id='word_1_130' title='bbox 724 1777 788 1818; x_wconf 91' lang='lat' dir='ltr'>eam</span> <span class='ocrx_word' id='word_1_131' title='bbox 812 1778 847 1819; x_wconf 95' lang='lat' dir='ltr'>ex</span> <span class='ocrx_word' id='word_1_132' title='bbox 876 1761 970 1837; x_wconf 89' lang='lat' dir='ltr'>ipsius</span> <span class='ocrx_word' id='word_1_133' title='bbox 995 1757 1105 1818; x_wconf 91' lang='lat' dir='ltr'>codicis</span> <span class='ocrx_word' id='word_1_134' title='bbox 1128 1757 1302 1816; x_wconf 88' lang='lat' dir='ltr'>iustinianei</span> 
     </span>
     <span class='ocr_line' id='line_1_16' title="bbox 151 1864 1296 1947; baseline -0.004 -19"><span class='ocrx_word' id='word_1_135' title='bbox 151 1867 320 1947; x_wconf 89' lang='lat' dir='ltr'>exemplari,</span> <span class='ocrx_word' id='word_1_136' title='bbox 343 1868 373 1926; x_wconf 94' lang='lat' dir='ltr'>in</span> <span class='ocrx_word' id='word_1_137' title='bbox 398 1885 456 1945; x_wconf 95' lang='lat' dir='ltr'>quo</span> <span class='ocrx_word' id='word_1_138' title='bbox 480 1869 588 1926; x_wconf 90' lang='lat' dir='ltr'>omissa</span> <span class='ocrx_word' id='word_1_139' title='bbox 613 1885 671 1926; x_wconf 93' lang='lat' dir='ltr'>non</span> <span class='ocrx_word' id='word_1_140' title='bbox 692 1874 763 1947; x_wconf 92' lang='lat' dir='ltr'>erat,</span> <span class='ocrx_word' id='word_1_141' title='bbox 782 1885 836 1945; x_wconf 88' lang='lat' dir='ltr'>pro</span> <span class='ocrx_word' id='word_1_142' title='bbox 857 1875 939 1926; x_wconf 88' lang='lat' dir='ltr'>certo</span> <span class='ocrx_word' id='word_1_143' title='bbox 963 1867 1103 1925; x_wconf 77' lang='lat' dir='ltr'>aidemari</span> <span class='ocrx_word' id='word_1_144' title='bbox 1127 1864 1205 1945; x_wconf 88' lang='lat' dir='ltr'>licet,</span> <span class='ocrx_word' id='word_1_145' title='bbox 1229 1883 1296 1924; x_wconf 91' lang='lat' dir='ltr'>cum</span> 
     </span>
     <span class='ocr_line' id='line_1_17' title="bbox 150 1966 1299 2053; baseline -0.002 -20"><span class='ocrx_word' id='word_1_146' title='bbox 150 1974 239 2035; x_wconf 88' lang='lat' dir='ltr'>verba</span> <span class='ocrx_word' id='word_1_147' title='bbox 263 1977 293 2034; x_wconf 91' lang='lat' dir='ltr'>in</span> <span class='ocrx_word' id='word_1_148' title='bbox 317 1973 465 2034; x_wconf 87' lang='lat' dir='ltr'>Theodori</span> <span class='ocrx_word' id='word_1_149' title='bbox 494 1973 568 2033; x_wconf 92' lang='lat' dir='ltr'>libro</span> <span class='ocrx_word' id='word_1_150' title='bbox 601 1973 658 2052; x_wconf 87' lang='lat' dir='ltr'>legi</span> <span class='ocrx_word' id='word_1_151' title='bbox 682 1976 842 2053; x_wconf 89' lang='lat' dir='ltr'>praemissa</span> <span class='ocrx_word' id='word_1_152' title='bbox 866 1969 1103 2049; x_wconf 80' lang='grc' dir='ltr'>Αὐτοκράτορε(</span> <span class='ocrx_word' id='word_1_153' title='bbox 1129 1966 1299 2032; x_wconf 74' lang='grc' dir='ltr'>Θεοδόειοε</span> 
     </span>
     <span class='ocr_line' id='line_1_18' title="bbox 150 2076 1300 2161; baseline -0.004 -17"><span class='ocrx_word' id='word_1_154' title='bbox 150 2080 201 2144; x_wconf 88' lang='grc' dir='ltr'>καὶ</span> <span class='ocrx_word' id='word_1_155' title='bbox 225 2079 491 2144; x_wconf 77' lang='grc' dir='ltr'>Οὐαλεντινιανὸ(</span> <span class='ocrx_word' id='word_1_156' title='bbox 516 2078 690 2153; x_wconf 77' lang='grc' dir='ltr'>Αὔγουετοι</span> <span class='ocrx_word' id='word_1_157' title='bbox 713 2078 862 2161; x_wconf 80' lang='lat' dir='ltr'>‘Oppicbq</span> <span class='ocrx_word' id='word_1_158' title='bbox 888 2078 1018 2160; x_wconf 73' lang='grc' dir='ltr'>ἐπάρχῳ</span> <span class='ocrx_word' id='word_1_159' title='bbox 1043 2076 1246 2156; x_wconf 87' lang='grc' dir='ltr'>πραιτωρίων</span> <span class='ocrx_word' id='word_1_160' title='bbox 1269 2081 1300 2139; x_wconf 90' lang='lat' dir='ltr'>in</span> 
     </span>
     <span class='ocr_line' id='line_1_19' title="bbox 150 2188 1299 2268; baseline 0 -20"><span class='ocrx_word' id='word_1_161' title='bbox 150 2188 284 2249; x_wconf 90' lang='lat' dir='ltr'>Basilicis</span> <span class='ocrx_word' id='word_1_162' title='bbox 303 2207 362 2249; x_wconf 92' lang='lat' dir='ltr'>non</span> <span class='ocrx_word' id='word_1_163' title='bbox 386 2191 583 2250; x_wconf 89' lang='lat' dir='ltr'>inveniantur.</span> <span class='ocrx_word' id='word_1_164' title='bbox 616 2190 677 2249; x_wconf 93' lang='lat' dir='ltr'>lam</span> <span class='ocrx_word' id='word_1_165' title='bbox 696 2209 766 2250; x_wconf 90' lang='lat' dir='ltr'>vero</span> <span class='ocrx_word' id='word_1_166' title='bbox 787 2191 925 2268; x_wconf 90' lang='lat' dir='ltr'>quoniam</span> <span class='ocrx_word' id='word_1_167' title='bbox 946 2189 1063 2249; x_wconf 90' lang='lat' dir='ltr'>ostendi</span> <span class='ocrx_word' id='word_1_168' title='bbox 1083 2207 1141 2248; x_wconf 93' lang='lat' dir='ltr'>non</span> <span class='ocrx_word' id='word_1_169' title='bbox 1161 2189 1299 2248; x_wconf 88' lang='lat' dir='ltr'>saeviisse</span> 
     </span>
     <span class='ocr_line' id='line_1_20' title="bbox 150 2294 1300 2376; baseline 0 -22"><span class='ocrx_word' id='word_1_170' title='bbox 150 2298 181 2355; x_wconf 89' lang='lat' dir='ltr'>in</span> <span class='ocrx_word' id='word_1_171' title='bbox 211 2294 289 2355; x_wconf 83' lang='lat' dir='ltr'>Celsi</span> <span class='ocrx_word' id='word_1_172' title='bbox 321 2295 467 2356; x_wconf 81' lang='lat' dir='ltr'>Hieroclis</span> <span class='ocrx_word' id='word_1_173' title='bbox 499 2296 603 2355; x_wconf 90' lang='lat' dir='ltr'>Iuliani</span> <span class='ocrx_word' id='word_1_174' title='bbox 636 2295 727 2356; x_wconf 90' lang='lat' dir='ltr'>libros</span> <span class='ocrx_word' id='word_1_175' title='bbox 761 2296 960 2356; x_wconf 86' lang='lat' dir='ltr'>Theodosium</span> <span class='ocrx_word' id='word_1_176' title='bbox 993 2299 1216 2376; x_wconf 83' lang='lat' dir='ltr'>imperatorem,</span> <span class='ocrx_word' id='word_1_177' title='bbox 1249 2295 1300 2355; x_wconf 92' lang='lat' dir='ltr'>sed</span> 
     </span>
     <span class='ocr_line' id='line_1_21' title="bbox 151 2403 1299 2483; baseline 0 -21"><span class='ocrx_word' id='word_1_178' title='bbox 151 2410 291 2462; x_wconf 88' lang='lat' dir='ltr'>mutatam</span> <span class='ocrx_word' id='word_1_179' title='bbox 316 2421 382 2462; x_wconf 89' lang='lat' dir='ltr'>esse</span> <span class='ocrx_word' id='word_1_180' title='bbox 401 2405 466 2463; x_wconf 88' lang='lat' dir='ltr'>eius</span> <span class='ocrx_word' id='word_1_181' title='bbox 490 2403 584 2481; x_wconf 90' lang='lat' dir='ltr'>legem</span> <span class='ocrx_word' id='word_1_182' title='bbox 609 2403 794 2482; x_wconf 91' lang='lat' dir='ltr'>temporibus</span> <span class='ocrx_word' id='word_1_183' title='bbox 812 2404 968 2464; x_wconf 88' lang='lat' dir='ltr'>Iustiniani</span> <span class='ocrx_word' id='word_1_184' title='bbox 992 2406 1043 2482; x_wconf 92' lang='lat' dir='ltr'>qui</span> <span class='ocrx_word' id='word_1_185' title='bbox 1066 2406 1214 2483; x_wconf 91' lang='lat' dir='ltr'>octoginta</span> <span class='ocrx_word' id='word_1_186' title='bbox 1238 2404 1299 2463; x_wconf 82' lang='lat' dir='ltr'>iere</span> 
     </span>
     <span class='ocr_line' id='line_1_22' title="bbox 151 2509 1301 2591; baseline 0.001 -23"><span class='ocrx_word' id='word_1_187' title='bbox 151 2510 236 2568; x_wconf 92' lang='lat' dir='ltr'>annis</span> <span class='ocrx_word' id='word_1_188' title='bbox 258 2519 326 2588; x_wconf 90' lang='lat' dir='ltr'>post</span> <span class='ocrx_word' id='word_1_189' title='bbox 349 2509 429 2570; x_wconf 90' lang='lat' dir='ltr'>illius</span> <span class='ocrx_word' id='word_1_190' title='bbox 453 2517 577 2570; x_wconf 88' lang='lat' dir='ltr'>mortem</span> <span class='ocrx_word' id='word_1_191' title='bbox 602 2511 636 2570; x_wconf 93' lang='lat' dir='ltr'>ad</span> <span class='ocrx_word' id='word_1_192' title='bbox 662 2512 811 2590; x_wconf 78' lang='lat' dir='ltr'>fastigium</span> <span class='ocrx_word' id='word_1_193' title='bbox 836 2514 934 2591; x_wconf 91' lang='lat' dir='ltr'>regiae</span> <span class='ocrx_word' id='word_1_194' title='bbox 957 2513 1119 2571; x_wconf 90' lang='lat' dir='ltr'>maiestatis</span> <span class='ocrx_word' id='word_1_195' title='bbox 1143 2517 1301 2589; x_wconf 90' lang='lat' dir='ltr'>provectus</span> 
     </span>
     <span class='ocr_line' id='line_1_23' title="bbox 152 2616 1300 2698; baseline 0 -22"><span class='ocrx_word' id='word_1_196' title='bbox 152 2626 211 2696; x_wconf 88' lang='lat' dir='ltr'>est,</span> <span class='ocrx_word' id='word_1_197' title='bbox 241 2624 352 2677; x_wconf 88' lang='lat' dir='ltr'>mutata</span> <span class='ocrx_word' id='word_1_198' title='bbox 377 2617 450 2696; x_wconf 88' lang='lat' dir='ltr'>legis</span> <span class='ocrx_word' id='word_1_199' title='bbox 475 2619 568 2677; x_wconf 87' lang='lat' dir='ltr'>iorma</span> <span class='ocrx_word' id='word_1_200' title='bbox 592 2618 665 2696; x_wconf 92' lang='lat' dir='ltr'>legis</span> <span class='ocrx_word' id='word_1_201' title='bbox 690 2620 747 2678; x_wconf 90' lang='grc'><strong>11111</strong></span> <span class='ocrx_word' id='word_1_202' title='bbox 771 2620 875 2698; x_wconf 89' lang='lat' dir='ltr'>adepta</span> <span class='ocrx_word' id='word_1_203' title='bbox 899 2627 944 2680; x_wconf 92' lang='lat' dir='ltr'>est</span> <span class='ocrx_word' id='word_1_204' title='bbox 969 2627 1019 2679; x_wconf 91' lang='lat' dir='ltr'>aut</span> <span class='ocrx_word' id='word_1_205' title='bbox 1043 2637 1067 2679; x_wconf 87' lang='lat' dir='ltr'>a.</span> <span class='ocrx_word' id='word_1_206' title='bbox 1092 2619 1118 2679; x_wconf 89' lang='lat' dir='ltr'>d.</span> <span class='ocrx_word' id='word_1_207' title='bbox 1143 2617 1215 2677; x_wconf 86' lang='lat' dir='ltr'>XVl.</span> <span class='ocrx_word' id='word_1_208' title='bbox 1240 2616 1300 2677; x_wconf 87' lang='lat' dir='ltr'>llal.</span> 
     </span>
     <span class='ocr_line' id='line_1_24' title="bbox 150 2720 1301 2806; baseline 0.003 -22"><span class='ocrx_word' id='word_1_209' title='bbox 150 2724 215 2784; x_wconf 88' lang='lat' dir='ltr'>blai.</span> <span class='ocrx_word' id='word_1_210' title='bbox 240 2743 263 2784; x_wconf 93' lang='lat' dir='ltr'>a.</span> <span class='ocrx_word' id='word_1_211' title='bbox 288 2720 366 2803; x_wconf 79' lang='lat'>529,</span> <span class='ocrx_word' id='word_1_212' title='bbox 392 2743 451 2802; x_wconf 88' lang='lat' dir='ltr'>quo</span> <span class='ocrx_word' id='word_1_213' title='bbox 474 2727 557 2804; x_wconf 90' lang='lat' dir='ltr'>prior</span> <span class='ocrx_word' id='word_1_214' title='bbox 581 2726 691 2785; x_wconf 90' lang='lat' dir='ltr'>codicis</span> <span class='ocrx_word' id='word_1_215' title='bbox 715 2726 822 2806; x_wconf 80' lang='lat' dir='ltr'>forma,</span> <span class='ocrx_word' id='word_1_216' title='bbox 846 2735 897 2786; x_wconf 90' lang='lat' dir='ltr'>aut</span> <span class='ocrx_word' id='word_1_217' title='bbox 921 2745 943 2786; x_wconf 91' lang='lat' dir='ltr'>a.</span> <span class='ocrx_word' id='word_1_218' title='bbox 968 2722 1041 2786; x_wconf 75' lang='lat'>534.</span> <span class='ocrx_word' id='word_1_219' title='bbox 1071 2745 1094 2786; x_wconf 90' lang='lat' dir='ltr'>a.</span> <span class='ocrx_word' id='word_1_220' title='bbox 1119 2726 1146 2786; x_wconf 93' lang='lat' dir='ltr'>d.</span> <span class='ocrx_word' id='word_1_221' title='bbox 1171 2725 1215 2785; x_wconf 92' lang='lat' dir='ltr'>lV.</span> <span class='ocrx_word' id='word_1_222' title='bbox 1239 2723 1301 2788; x_wconf 87' lang='lat' dir='ltr'>llal.</span> 
     </span>
     <span class='ocr_line' id='line_1_25' title="bbox 150 2830 1300 2912; baseline 0.003 -22"><span class='ocrx_word' id='word_1_223' title='bbox 150 2830 224 2910; x_wconf 83' lang='lat' dir='ltr'>lan,</span> <span class='ocrx_word' id='word_1_224' title='bbox 256 2849 316 2910; x_wconf 91' lang='lat' dir='ltr'>quo</span> <span class='ocrx_word' id='word_1_225' title='bbox 345 2832 437 2892; x_wconf 87' lang='lat' dir='ltr'>codex</span> <span class='ocrx_word' id='word_1_226' title='bbox 470 2834 613 2911; x_wconf 89' lang='lat' dir='ltr'>repetitae</span> <span class='ocrx_word' id='word_1_227' title='bbox 641 2831 849 2910; x_wconf 88' lang='lat' dir='ltr'>praelectionis</span> <span class='ocrx_word' id='word_1_228' title='bbox 881 2835 1106 2912; x_wconf 84' lang='lat' dir='ltr'>augustissimae</span> <span class='ocrx_word' id='word_1_229' title='bbox 1140 2836 1300 2894; x_wconf 89' lang='lat' dir='ltr'>sanctionis</span> 
     </span>
     <span class='ocr_line' id='line_1_26' title="bbox 150 2930 1301 3019; baseline 0.003 -21"><span class='ocrx_word' id='word_1_230' title='bbox 150 2941 300 3018; x_wconf 90' lang='lat' dir='ltr'>particeps</span> <span class='ocrx_word' id='word_1_231' title='bbox 324 2940 419 2999; x_wconf 89' lang='lat' dir='ltr'>lactus</span> <span class='ocrx_word' id='word_1_232' title='bbox 440 2947 493 2999; x_wconf 87' lang='lat' dir='ltr'>est.</span> <span class='ocrx_word' id='word_1_233' title='bbox 526 2930 629 3016; x_wconf 81' lang='lat' dir='ltr'>Neque</span> <span class='ocrx_word' id='word_1_234' title='bbox 654 2947 751 2999; x_wconf 89' lang='lat' dir='ltr'>tameo</span> <span class='ocrx_word' id='word_1_235' title='bbox 776 2940 952 3000; x_wconf 89' lang='lat' dir='ltr'>verisimile</span> <span class='ocrx_word' id='word_1_236' title='bbox 973 2948 1018 2999; x_wconf 90' lang='lat' dir='ltr'>est</span> <span class='ocrx_word' id='word_1_237' title='bbox 1041 2939 1076 2999; x_wconf 93' lang='lat' dir='ltr'>ab</span> <span class='ocrx_word' id='word_1_238' title='bbox 1100 2960 1135 3001; x_wconf 91' lang='lat' dir='ltr'>eo</span> <span class='ocrx_word' id='word_1_239' title='bbox 1159 2944 1301 3019; x_wconf 88' lang='lat' dir='ltr'>temporis</span> 
     </span>
     <span class='ocr_line' id='line_1_27' title="bbox 150 3046 1298 3127; baseline 0.001 -20"><span class='ocrx_word' id='word_1_240' title='bbox 150 3056 300 3107; x_wconf 87' lang='lat' dir='ltr'>momento</span> <span class='ocrx_word' id='word_1_241' title='bbox 316 3046 473 3124; x_wconf 83' lang='lat' dir='ltr'>diligenter</span> <span class='ocrx_word' id='word_1_242' title='bbox 484 3054 513 3106; x_wconf 93' lang='lat' dir='ltr'>et</span> <span class='ocrx_word' id='word_1_243' title='bbox 523 3055 659 3106; x_wconf 88' lang='lat' dir='ltr'>accurate</span> <span class='ocrx_word' id='word_1_244' title='bbox 674 3049 848 3126; x_wconf 88' lang='lat' dir='ltr'>inquisitum</span> <span class='ocrx_word' id='word_1_245' title='bbox 863 3066 927 3108; x_wconf 91' lang='lat' dir='ltr'>esse</span> <span class='ocrx_word' id='word_1_246' title='bbox 943 3050 973 3107; x_wconf 94' lang='lat' dir='ltr'>in</span> <span class='ocrx_word' id='word_1_247' title='bbox 985 3046 1166 3108; x_wconf 87' lang='lat' dir='ltr'>Christianae</span> <span class='ocrx_word' id='word_1_248' title='bbox 1182 3048 1298 3127; x_wconf 89' lang='lat' dir='ltr'>religio-</span> 
     </span>
     <span class='ocr_line' id='line_1_28' title="bbox 150 3153 1299 3235; baseline 0.003 -22"><span class='ocrx_word' id='word_1_249' title='bbox 150 3156 197 3214; x_wconf 91' lang='lat' dir='ltr'>nis</span> <span class='ocrx_word' id='word_1_250' title='bbox 216 3155 404 3213; x_wconf 88' lang='lat' dir='ltr'>inimicorum</span> <span class='ocrx_word' id='word_1_251' title='bbox 424 3153 524 3214; x_wconf 86' lang='lat' dir='ltr'>libros.</span> <span class='ocrx_word' id='word_1_252' title='bbox 556 3153 609 3214; x_wconf 86' lang='lat' dir='ltr'>Vix</span> <span class='ocrx_word' id='word_1_253' title='bbox 625 3156 702 3214; x_wconf 90' lang='lat' dir='ltr'>enim</span> <span class='ocrx_word' id='word_1_254' title='bbox 719 3157 806 3214; x_wconf 92' lang='lat' dir='ltr'>etiam</span> <span class='ocrx_word' id='word_1_255' title='bbox 822 3163 885 3215; x_wconf 91' lang='lat' dir='ltr'>tum</span> <span class='ocrx_word' id='word_1_256' title='bbox 905 3173 979 3233; x_wconf 94' lang='lat' dir='ltr'>opus</span> <span class='ocrx_word' id='word_1_257' title='bbox 999 3156 1091 3215; x_wconf 86' lang='lat' dir='ltr'>luisse</span> <span class='ocrx_word' id='word_1_258' title='bbox 1108 3159 1299 3235; x_wconf 90' lang='lat' dir='ltr'>inquisitione</span> 
     </span>
     <span class='ocr_line' id='line_1_29' title="bbox 151 3260 1299 3343; baseline 0.003 -22"><span class='ocrx_word' id='word_1_259' title='bbox 151 3279 187 3321; x_wconf 91' lang='lat' dir='ltr'>ex</span> <span class='ocrx_word' id='word_1_260' title='bbox 216 3260 418 3341; x_wconf 83' lang='lat' dir='ltr'>Chrysostomi</span> <span class='ocrx_word' id='word_1_261' title='bbox 450 3260 549 3321; x_wconf 89' lang='lat' dir='ltr'>verbis</span> <span class='ocrx_word' id='word_1_262' title='bbox 582 3279 658 3339; x_wconf 91' lang='lat' dir='ltr'>quae</span> <span class='ocrx_word' id='word_1_263' title='bbox 692 3279 781 3340; x_wconf 91' lang='lat' dir='ltr'>supra</span> <span class='ocrx_word' id='word_1_264' title='bbox 813 3262 1024 3341; x_wconf 89' lang='lat' dir='ltr'>adscripsimus</span> <span class='ocrx_word' id='word_1_265' title='bbox 1056 3262 1141 3341; x_wconf 90' lang='lat' dir='ltr'>plane</span> <span class='ocrx_word' id='word_1_266' title='bbox 1170 3273 1299 3343; x_wconf 90' lang='lat' dir='ltr'>apparet.</span> 
     </span>
     <span class='ocr_line' id='line_1_30' title="bbox 150 3368 1298 3448; baseline 0.003 -20"><span class='ocrx_word' id='word_1_267' title='bbox 150 3368 254 3448; x_wconf 89' lang='lat' dir='ltr'>Neque</span> <span class='ocrx_word' id='word_1_268' title='bbox 279 3370 434 3446; x_wconf 88' lang='lat' dir='ltr'>quisquam</span> <span class='ocrx_word' id='word_1_269' title='bbox 463 3369 612 3448; x_wconf 91' lang='lat' dir='ltr'>putandus</span> <span class='ocrx_word' id='word_1_270' title='bbox 641 3378 686 3429; x_wconf 88' lang='lat' dir='ltr'>cst</span> <span class='ocrx_word' id='word_1_271' title='bbox 714 3370 954 3430; x_wconf 91' lang='lat' dir='ltr'>animadvertisse</span> <span class='ocrx_word' id='word_1_272' title='bbox 984 3370 1018 3429; x_wconf 92' lang='lat' dir='ltr'>ad</span> <span class='ocrx_word' id='word_1_273' title='bbox 1050 3373 1193 3431; x_wconf 90' lang='lat' dir='ltr'>minutam</span> <span class='ocrx_word' id='word_1_274' title='bbox 1221 3372 1298 3432; x_wconf 93' lang='lat' dir='ltr'>illam</span> 
     </span>
     <span class='ocr_line' id='line_1_31' title="bbox 149 3476 1298 3557; baseline 0.002 -21"><span class='ocrx_word' id='word_1_275' title='bbox 149 3476 223 3556; x_wconf 87' lang='lat' dir='ltr'>legis</span> <span class='ocrx_word' id='word_1_276' title='bbox 247 3478 449 3557; x_wconf 81' lang='lat' dir='ltr'>mutationem,</span> <span class='ocrx_word' id='word_1_277' title='bbox 473 3496 547 3555; x_wconf 92' lang='lat' dir='ltr'>quae</span> <span class='ocrx_word' id='word_1_278' title='bbox 572 3480 602 3537; x_wconf 91' lang='lat' dir='ltr'>in</span> <span class='ocrx_word' id='word_1_279' title='bbox 627 3477 729 3537; x_wconf 90' lang='lat' dir='ltr'>codice</span> <span class='ocrx_word' id='word_1_280' title='bbox 754 3485 797 3537; x_wconf 93' lang='lat' dir='ltr'>tot</span> <span class='ocrx_word' id='word_1_281' title='bbox 817 3479 1062 3538; x_wconf 84' lang='lat' dir='ltr'>constitutionum</span> <span class='ocrx_word' id='word_1_282' title='bbox 1087 3478 1163 3539; x_wconf 90' lang='lat' dir='ltr'>mole</span> <span class='ocrx_word' id='word_1_283' title='bbox 1188 3481 1298 3541; x_wconf 87' lang='lat' dir='ltr'>referto</span> 
     </span>
     <span class='ocr_line' id='line_1_32' title="bbox 149 3583 1298 3664; baseline 0.003 -22"><span class='ocrx_word' id='word_1_284' title='bbox 149 3583 361 3645; x_wconf 88' lang='lat' dir='ltr'>occultabatur.</span> <span class='ocrx_word' id='word_1_285' title='bbox 398 3583 477 3662; x_wconf 88' lang='lat' dir='ltr'>Ergo</span> <span class='ocrx_word' id='word_1_286' title='bbox 497 3585 705 3664; x_wconf 90' lang='lat' dir='ltr'>conquerenda</span> <span class='ocrx_word' id='word_1_287' title='bbox 725 3585 810 3644; x_wconf 91' lang='lat' dir='ltr'>uobis</span> <span class='ocrx_word' id='word_1_288' title='bbox 830 3594 875 3644; x_wconf 91' lang='lat' dir='ltr'>est</span> <span class='ocrx_word' id='word_1_289' title='bbox 895 3593 1061 3663; x_wconf 90' lang='lat' dir='ltr'>temporum</span> <span class='ocrx_word' id='word_1_290' title='bbox 1082 3586 1199 3664; x_wconf 88' lang='lat' dir='ltr'>invidia,</span> <span class='ocrx_word' id='word_1_291' title='bbox 1224 3605 1298 3664; x_wconf 91' lang='lat' dir='ltr'>quae</span> 
     </span>
     <span class='ocr_line' id='line_1_33' title="bbox 149 3689 1297 3775; baseline 0 -24"><span class='ocrx_word' id='word_1_292' title='bbox 149 3709 205 3751; x_wconf 88' lang='lat' dir='ltr'>nos</span> <span class='ocrx_word' id='word_1_293' title='bbox 227 3692 352 3769; x_wconf 91' lang='lat' dir='ltr'>privavit</span> <span class='ocrx_word' id='word_1_294' title='bbox 374 3689 432 3750; x_wconf 88' lang='lat' dir='ltr'>illis</span> <span class='ocrx_word' id='word_1_295' title='bbox 455 3689 548 3771; x_wconf 82' lang='lat' dir='ltr'>libris,</span> <span class='ocrx_word' id='word_1_296' title='bbox 572 3690 716 3769; x_wconf 90' lang='lat' dir='ltr'>equibus</span> <span class='ocrx_word' id='word_1_297' title='bbox 740 3710 806 3751; x_wconf 93' lang='lat' dir='ltr'>cum</span> <span class='ocrx_word' id='word_1_298' title='bbox 831 3691 1068 3775; x_wconf 73' lang='lat' dir='ltr'>intellegeretur,</span> <span class='ocrx_word' id='word_1_299' title='bbox 1092 3692 1209 3771; x_wconf 86' lang='lat' dir='ltr'>qualem</span> <span class='ocrx_word' id='word_1_300' title='bbox 1233 3711 1297 3752; x_wconf 89' lang='lat' dir='ltr'>esse</span> 
     </span>
     <span class='ocr_line' id='line_1_34' title="bbox 150 3796 1297 3881; baseline 0.003 -25"><span class='ocrx_word' id='word_1_301' title='bbox 150 3796 387 3857; x_wconf 88' lang='lat' dir='ltr'>Christianorum</span> <span class='ocrx_word' id='word_1_302' title='bbox 415 3796 588 3876; x_wconf 87' lang='lat' dir='ltr'>religionem</span> <span class='ocrx_word' id='word_1_303' title='bbox 616 3807 770 3877; x_wconf 88' lang='lat' dir='ltr'>putassent</span> <span class='ocrx_word' id='word_1_304' title='bbox 798 3798 978 3881; x_wconf 88' lang='lat' dir='ltr'>philosophi,</span> <span class='ocrx_word' id='word_1_305' title='bbox 1007 3803 1094 3860; x_wconf 91' lang='lat' dir='ltr'>etiam</span> <span class='ocrx_word' id='word_1_306' title='bbox 1120 3819 1224 3860; x_wconf 90' lang='lat' dir='ltr'>causae</span> <span class='ocrx_word' id='word_1_307' title='bbox 1248 3801 1297 3860; x_wconf 90' lang='lat' dir='ltr'>dc-</span> 
     </span>
     <span class='ocr_line' id='line_1_35' title="bbox 149 3903 1298 3986; baseline 0.005 -23"><span class='ocrx_word' id='word_1_308' title='bbox 149 3903 280 3965; x_wconf 87' lang='lat' dir='ltr'>hucrunt</span> <span class='ocrx_word' id='word_1_309' title='bbox 304 3907 451 3986; x_wconf 90' lang='lat' dir='ltr'>cognosci,</span> <span class='ocrx_word' id='word_1_310' title='bbox 475 3905 592 3983; x_wconf 88' lang='lat' dir='ltr'>quibus·</span> <span class='ocrx_word' id='word_1_311' title='bbox 602 3909 729 3984; x_wconf 92' lang='lat' dir='ltr'>permoti</span> <span class='ocrx_word' id='word_1_312' title='bbox 749 3926 764 3966; x_wconf 93' lang='lat' dir='ltr'>a</span> <span class='ocrx_word' id='word_1_313' title='bbox 784 3909 908 3968; x_wconf 92' lang='lat' dir='ltr'>deorum</span> <span class='ocrx_word' id='word_1_314' title='bbox 930 3907 1012 3968; x_wconf 88' lang='lat' dir='ltr'>cultu</span> <span class='ocrx_word' id='word_1_315' title='bbox 1033 3927 1091 3968; x_wconf 91' lang='lat' dir='ltr'>nou</span> <span class='ocrx_word' id='word_1_316' title='bbox 1115 3909 1298 3969; x_wconf 88' lang='lat' dir='ltr'>destitissent</span> 
     </span>
     <span class='ocr_line' id='line_1_36' title="bbox 149 4005 1296 4094; baseline 0.007 -24"><span class='ocrx_word' id='word_1_317' title='bbox 149 4009 332 4072; x_wconf 87' lang='lat' dir='ltr'>Graecorum</span> <span class='ocrx_word' id='word_1_318' title='bbox 363 4021 392 4072; x_wconf 90' lang='lat' dir='ltr'>et</span> <span class='ocrx_word' id='word_1_319' title='bbox 414 4012 615 4073; x_wconf 89' lang='lat' dir='ltr'>Romanorum</span> <span class='ocrx_word' id='word_1_320' title='bbox 635 4005 677 4094; x_wconf 76' lang='lat' dir='ltr'>ii,</span> <span class='ocrx_word' id='word_1_321' title='bbox 701 4017 753 4092; x_wconf 90' lang='lat' dir='ltr'>qui</span> <span class='ocrx_word' id='word_1_322' title='bbox 781 4015 945 4076; x_wconf 88' lang='lat' dir='ltr'>litterarum</span> <span class='ocrx_word' id='word_1_323' title='bbox 974 4016 1080 4077; x_wconf 87' lang='lat' dir='ltr'>studiis</span> <span class='ocrx_word' id='word_1_324' title='bbox 1108 4019 1221 4076; x_wconf 91' lang='lat' dir='ltr'>animos</span> <span class='ocrx_word' id='word_1_325' title='bbox 1249 4037 1296 4078; x_wconf 90' lang='lat' dir='ltr'>ex·</span> 
     </span>
     <span class='ocr_line' id='line_1_37' title="bbox 149 4117 311 4178; baseline 0.006 -1"><span class='ocrx_word' id='word_1_326' title='bbox 149 4117 311 4178; x_wconf 89' lang='lat' dir='ltr'>coluerant.</span> 
     </span>
     <span class='ocr_line' id='line_1_38' title="bbox 240 4198 1309 4311; baseline 0 -27"><span class='ocrx_word' id='word_1_327' title='bbox 240 4198 434 4286; x_wconf 70' lang='lat' dir='ltr'>Verissimum</span> <span class='ocrx_word' id='word_1_328' title='bbox 471 4235 570 4288; x_wconf 89' lang='lat' dir='ltr'>autem</span> <span class='ocrx_word' id='word_1_329' title='bbox 605 4247 670 4289; x_wconf 88' lang='lat' dir='ltr'>esse</span> <span class='ocrx_word' id='word_1_330' title='bbox 708 4230 825 4290; x_wconf 91' lang='lat' dir='ltr'>loannis</span> <span class='ocrx_word' id='word_1_331' title='bbox 859 4230 1064 4311; x_wconf 72' lang='lat' dir='ltr'>chrysostomi</span> <span class='ocrx_word' id='word_1_332' title='bbox 1096 4235 1309 4290; x_wconf 59' lang='lat' dir='ltr'>testimouium</span> 
     </span>
     <span class='ocr_line' id='line_1_39' title="bbox 150 4327 1333 4427; baseline -0.005 -35"><span class='ocrx_word' id='word_1_333' title='bbox 150 4331 278 4393; x_wconf 86' lang='lat' dir='ltr'>dicentis</span> <span class='ocrx_word' id='word_1_334' title='bbox 305 4332 398 4394; x_wconf 89' lang='lat' dir='ltr'>libros</span> <span class='ocrx_word' id='word_1_335' title='bbox 423 4333 609 4400; x_wconf 82' lang='lat' dir='ltr'>Christianae</span> <span class='ocrx_word' id='word_1_336' title='bbox 638 4338 785 4421; x_wconf 90' lang='lat' dir='ltr'>religioni</span> <span class='ocrx_word' id='word_1_337' title='bbox 803 4341 966 4419; x_wconf 69' lang='lat' dir='ltr'>irriensos,</span> <span class='ocrx_word' id='word_1_338' title='bbox 989 4340 1023 4397; x_wconf 71' lang='lat' dir='ltr'>si</span> <span class='ocrx_word' id='word_1_339' title='bbox 1043 4336 1138 4423; x_wconf 65' lang='lat' dir='ltr'>ione</span> <span class='ocrx_word' id='word_1_340' title='bbox 1155 4327 1333 4427; x_wconf 56' lang='lat' dir='ltr'>mscxiox&#39;xs</span> 
     </span>
    </p>
   </div>
   <div class='ocr_carea' id='block_1_3' title="bbox 0 0 1460 4688">
    <p class='ocr_par' dir='ltr' id='par_1_3' title="bbox 0 0 1460 4688">
     <span class='ocr_line' id='line_1_40' title="bbox 0 0 1460 4688; baseline 0 0"><span class='ocrx_word' id='word_1_341' title='bbox 0 0 1460 4688; x_wconf 95' lang='lat' dir='ltr'> </span> 
     </span>
    </p>
   </div>
  </div>
 </body>
</html>
