2910 4688
159 169 180 229 4
672 174 762 244 Caput
780 176 800 230 l.

158 333 222 394 loco
241 336 271 395 id
291 336 376 397 nobis
395 356 454 398 non
473 339 637 400 curandum
657 349 710 420 cst,
730 341 808 419 quod
828 342 955 401 coniecit
974 340 1100 419 Cyrillus
1119 350 1217 402 rectae
1236 343 1304 402 fidei

157 443 296 504 defensor
320 444 355 504 de
380 444 495 505 diabolo
515 445 620 506 Iuliani
643 448 817 509 delectionis
839 456 960 508 auctore
984 467 1081 528 neque
1101 449 1305 531 dubitandum,

157 553 228 629 quin
243 551 341 612 verbis
356 550 531 627 condricus
551 551 723 629 includant
741 554 792 616 καὶ
811 553 1034 644 μοναετηρίοι(ι
1049 554 1303 633 ἐντεθραμμένον

156 658 305 719 rhetorice
329 661 415 721 dictis
439 661 512 722 nihil
536 663 700 741 significare
714 663 863 744 uoluerit,
887 666 945 724 nisi
970 664 1116 725 lulianum
1138 664 1303 725 Christiana

155 768 342 828 institutione
371 787 457 829 usum
487 788 560 829 esse.
604 769 684 840 Quae
713 772 738 829 si
767 773 938 850 3131313333,
966 773 1023 831 iam
1052 790 1131 832 nunc
1159 780 1241 832 recte
1270 791 1302 832 se

155 872 264 934 habent
278 877 389 936 omnia:
404 875 495 936 luisse
508 875 655 936 lulianum
670 884 826 956 antequam
844 896 943 938 rerum
958 881 1106 957 potiretur
1120 881 1151 939 in
1162 878 1301 940 Christia-

154 999 261 1042 norum
285 1001 426 1064 numero,
449 984 566 1044 assiduo
590 984 737 1045 lectitasse
758 1003 840 1045 sacra
859 1003 963 1045 eorum
987 988 1105 1066 scripta,
1129 988 1301 1065 concepisse

154 1091 262 1150 veteris
286 1089 439 1170 religionis
458 1109 588 1152 amorem
607 1092 779 1152 auctoribus
803 1091 986 1172 pbilosophis
1009 1102 1128 1153 renatae
1149 1093 1302 1154 doctrinae

155 1195 321 1257 Platonicae
341 1198 470 1258 asseclis.
508 1198 588 1269 Quae
609 1218 676 1259 cum
700 1201 739 1283 ita
764 1202 836 1281 sint,
859 1199 1007 1259 nonlicet
1030 1203 1182 1279 aspernari
1202 1199 1302 1279 Cyrilli

154 1305 189 1364 de
223 1305 368 1385 baptismo
399 1306 501 1366 luliani
533 1309 745 1368 testimonium.
788 1307 872 1378 Quod
906 1309 931 1368 si
959 1327 995 1367 ex
1023 1307 1120 1386 aliquo
1154 1310 1300 1388 scriptore

153 1411 251 1473 hausit
270 1431 350 1473 nunc
369 1412 536 1494 deperdito,
555 1416 664 1492 gratias
684 1417 712 1474 ei
731 1432 851 1492 agemus
871 1414 950 1493 quod
970 1415 1051 1476 solus
1069 1414 1154 1475 nobis
1175 1418 1301 1497 servavit

152 1520 241 1580 huius
264 1523 308 1580 rei
332 1521 479 1600 notitiam;
507 1522 553 1579 sin
577 1529 688 1601 autem,
712 1521 741 1581 id
765 1521 842 1600 quod
868 1524 930 1581 veri
954 1522 1079 1582 similius
1103 1531 1162 1604 est,
1187 1526 1299 1603 scripto

150 1627 227 1688 libro
251 1646 311 1687 non
335 1627 465 1687 adhibito
489 1627 566 1706 quod
597 1630 737 1687 memoria
765 1626 885 1688 tenebat
912 1628 1019 1689 litteris
1044 1630 1187 1711 condidit,
1216 1630 1297 1691 colli·

151 1734 280 1812 gendum
307 1735 376 1795 inde
401 1739 458 1797 crit
481 1755 540 1795 non
568 1734 718 1796 dubitasse
742 1754 793 1796 eos
822 1738 873 1815 qui
901 1747 973 1796 tunc
1003 1737 1125 1797 dierum
1153 1737 1297 1819 homines,

152 1844 223 1920 quin
246 1840 392 1921 baptismo
416 1845 447 1903 iu
466 1841 700 1903 Christianorum
720 1861 877 1904 numerum
902 1852 1041 1923 receptus
1060 1852 1139 1904 esset
1158 1843 1298 1925 1363333,

151 1968 249 2029 neque
273 1952 429 2029 quisquam
457 1949 613 2010 mirabitur
637 1951 798 2029 scriptores
826 1950 899 2011 nihil
923 1951 959 2010 de
983 1969 1017 2010 ea
1041 1969 1073 2010 re
1101 1951 1208 2011 litteris
1231 1970 1299 2030 pro-

151 2057 260 2117 didisse
284 2076 359 2136 quae
384 2057 597 2118 dubitationem
621 2077 680 2117 non
709 2057 840 2117 baberet.
882 2057 985 2136 Neque
1014 2057 1229 2136 neglegendum
1254 2067 1300 2119 cst

151 2163 252 2242 Cyrilli
274 2163 371 2225 locum
396 2164 432 2224 de
452 2183 510 2244 quo
533 2167 647 2243 egimus
666 2182 731 2224 esse
756 2167 785 2224 in
805 2165 1014 2224 acclamatione
1033 2164 1069 2224 ad
1089 2166 1297 2243 imperatorem

150 2271 357 2333 Theodosium.
395 2271 498 2351 Neque
518 2274 616 2331 minus
636 2289 723 2350 quam
743 2269 845 2349 Cyrilli
864 2270 952 2330 verba
976 2270 1107 2331 labulosa
1132 2271 1168 2330 de
1184 2270 1297 2330 loliano

150 2381 280 2458 narratio
309 2379 428 2459 Syriaco
457 2381 567 2458 scripta
600 2378 636 2438 de
668 2380 762 2458 ipsius
795 2377 939 2457 baptismo
968 2380 1115 2438 neminem
1144 2377 1296 2439 dubitasse

151 2487 313 2547 confirmat.
346 2487 388 2546 lle
408 2505 466 2565 quo
486 2486 593 2568 libello,
613 2488 664 2565 qui
682 2488 832 2547 invenitur
851 2489 881 2545 in
901 2486 1004 2546 codice
1024 2489 1119 2546 musei
1135 2486 1297 2548 Britannici
1390 2481 1392 2484 ’

149 2591 344 2656 Rieu-7192
369 2613 444 2655 saec.
468 2592 525 2655 VH.
559 2613 655 2674 nuper
683 2597 743 2673 egit
771 2594 946 2654 Theodorus
974 2591 1122 2654 Nocldcke
1159 2597 1189 2654 in
1223 2597 1297 2655 actis

150 2705 299 2763 societatis
323 2702 514 2763 Germanicae
538 2700 697 2763 Orientalis
721 2701 775 2762 vol.
794 2700 922 2761 XXVlll.
946 2697 1077 2762 31814
1100 2720 1128 2780 p.
1148 2697 1213 2760 660
1229 2720 1292 2780 sqq.

148 2808 205 2869 Ubi
228 2809 301 2870 baec
324 2811 517 2870 inveniuntur
541 2827 556 2868 a
579 2807 740 2868 Noeldekio
765 2807 938 2868 Germanice
963 2803 1091 2868 reddiit:
1118 2826 1145 2886 p.
1171 2804 1234 2869 668
1260 2808 1296 2868 63

149 2924 229 2996 sagte
251 2918 287 2976 ’33
312 2909 367 2999 (33.
391 2916 445 2976 der
464 2910 571 2997 Engel)
594 2915 655 2974 ibm
679 2909 734 2996 (sc.
758 2914 824 2975 dem
845 2907 1007 2993 Heiligenl:
1030 2913 1078 2972 ich
1103 2913 1211 2974 wiscbe
1235 2913 1297 2974 ihm

149 3017 204 3106 (sc.
228 3024 294 3084 dem
314 3018 425 3105 Julian)
449 3022 501 3082 das
525 3021 630 3100 beilige
651 3020 852 3082 Christentum
877 3021 926 3102 ab,
950 3020 1089 3081 mildam
1109 3039 1142 3079 er
1165 3039 1218 3080 aus
1242 3021 1296 3080 der

148 3131 240 3191 rause
259 3131 314 3192 ber
332 3131 481 3191 beklcidet
500 3148 573 3210 war3
593 3148 621 3208 p.
637 3126 702 3189 610
721 3129 822 3189 ferner
841 3137 922 3207 sagte
942 3127 995 3186 der
1009 3125 1169 3205 Philosoph
1184 3126 1297 3208 Theon,

148 3239 202 3298 der
230 3239 287 3298 den
311 3238 409 3298 Julian
438 3256 491 3298 aus
519 3236 573 3296 der
596 3236 688 3295 'laule
717 3235 851 3313 gchoben
880 3233 974 3313 battc3
1002 3250 1030 3310 p.
1054 3228 1120 3292 676
1150 3233 1191 3293 313
1215 3236 1297 3295 31333

148 3347 243 3426 Tages
267 3394 272 3406 .
293 3394 299 3406 .
319 3394 325 3405 .
346 3394 352 3406 .
376 3346 430 3406 der
448 3343 609 3424 Philosoph
629 3342 732 3402 Tbeon
756 3360 822 3402 zum
841 3340 938 3401 Julian
963 3339 1081 3416 spracb:
1106 3387 1139 3400 ..
1160 3387 1193 3401 ..
1221 3341 1296 3419 Sage

149 3456 205 3512 mir
229 3452 300 3533 also,
324 3464 441 3513 wenn'.
462 3499 468 3511 .
489 3500 494 3511 .
520 3451 559 3512 du
579 3450 682 3510 llaiser
705 3450 797 3529 wirst,
817 3466 876 3507 was
896 3446 979 3506 thust
998 3446 1036 3505 du
1056 3446 1133 3507 dann
1154 3449 1219 3528 mir,
1243 3447 1297 3507 der

148 3559 196 3619 ich
220 3561 287 3620 diclr
311 3577 364 3620 aus
388 3559 455 3618 dem
478 3558 665 3617 'larriu‘asser
694 3554 830 3635 gchoben
854 3556 914 3616 und
943 3554 990 3615 dir
1013 3552 1158 3614 Weisheit
1181 3553 1297 3632 gelebrt

102 3706 106 3713 -
148 3664 245 3727 ltabe‘?
277 3666 357 3736 Quae
382 3684 560 3745 quamquam
584 3667 613 3725 in
636 3663 766 3724 fabulosa
791 3642 959 3723 barratione
984 3664 1188 3743 inveniuntur,
1212 3662 1294 3722 lucu·

148 3775 243 3835 lenter
272 3782 368 3834 tamen
397 3774 571 3854 ostendunt,
602 3791 677 3852 quae
701 3772 737 3831 de
760 3768 865 3830 Iuliani
893 3769 1038 3850 baptismo
1067 3771 1216 3830 senserint
1244 3772 1295 3848 qui

148 3901 222 3942 saec.
244 3880 287 3941 Vl.
324 3881 445 3942 bierunt
477 3880 620 3940 homines.
667 3878 702 3938 Ei
735 3881 814 3939 enim
847 3881 974 3957 tempori
1009 3876 1195 3938 tribuendam
1229 3897 1294 3938 esse

148 3993 346 4050 narrationem
370 3987 505 4067 probavit
527 3986 707 4047 Noeldeliius
726 3985 743 4046 l.
763 3986 781 4046 l.
819 3986 899 4057 Quae
925 4004 992 4046 cum
1015 3988 1054 4045 ita
1079 3987 1152 4065 sint,
1176 4003 1294 4045 causam

147 4115 212 4156 esse
238 4116 321 4178 nego,
345 4115 399 4157 cur
423 4097 620 4168 assentiamur
639 4094 775 4155 Mueckio
799 4102 849 4154 aut
867 4093 970 4154 Rodio.
1007 4093 1110 4171 Neque
1136 4110 1204 4151 vero
1225 4111 1294 4152 con-

81 4212 101 4335 ,
141 4205 273 4263 fidenter
291 4206 489 4281 pronuntiare
519 4202 622 4262 dubito
645 4200 791 4263 lulianum
814 4200 952 4279 baptismi
980 4202 1154 4278 participem
1183 4198 1294 4259 lactum

118 4317 195 4375 esse
223 4324 297 4364 cum
315 4308 446 4369 ildulfus
464 4309 606 4370 Harnaclr
632 4312 764 4372 animum
789 4327 888 4370 meum
911 4307 1085 4367 advertisset
1107 4306 1143 4365 ad
1164 4305 1294 4367 Socratis
