2910 4688
522 185 563 238 De
582 183 684 238 Iuliani
701 183 835 238 librorum
855 181 930 236 fatis.
1257 176 1296 240 17

149 353 293 412 lecturam
314 351 489 412 Theodorus
508 349 589 412 Zahn
609 369 643 412 eo
663 349 742 430 quod
761 350 899 428 redargui
918 366 978 408 non
998 353 1097 427 potest
1115 352 1298 424 argumento.

148 458 362 519 Animadvertit
377 461 455 530 enim
475 460 506 518 in
524 459 732 519 dissertatione
752 476 804 518 sua
819 458 856 518 de
870 455 997 516 Macaria
1013 456 1122 533 scripta
1137 447 1298 534 (Brieger's

150 565 323 626 Zeitschrilt
359 566 407 626 hir
436 565 737 645 llirchengeschichte
765 563 792 624 ll
815 561 835 624 3
862 560 946 625 1878
974 581 1003 641 p.
1026 554 1107 643 453)
1136 560 1298 622 eorundem

149 672 300 733 interdum
319 673 452 734 locorum
468 693 503 734 ex
522 672 607 733 libris'
622 675 715 733 sacris
733 673 930 751 repetitarum
945 669 1015 730 alias
1029 669 1157 728 inveniri
1172 669 1299 747 scriptu-

148 798 199 840 ras
222 779 299 859 apud
317 780 527 860 philosophum
547 780 617 840 alias
637 779 713 858 apud
733 779 902 839 Macarium.
945 777 1004 837 Sed
1028 777 1106 837 unde
1126 776 1300 855 deprompta

150 894 221 946 sunt
239 886 408 966 philosophi
426 883 572 947 crimina?
608 886 681 946 Nam
701 904 734 946 ea
755 904 790 945 ex
813 884 1010 964 complurium
1034 883 1117 944 libris
1137 901 1202 943 esse
1222 901 1300 943 com-

149 992 239 1073 pilata
262 995 363 1055 credat
383 993 509 1054 ludaeos
528 993 637 1073 Apella.
675 992 771 1053 Unum
796 995 875 1052 enim
899 993 929 1052 in
954 991 1091 1052 omnihus
1115 999 1160 1052 est
1183 989 1301 1051 dicendi

150 1118 259 1180 genus,
287 1120 345 1161 una
374 1101 598 1180 argumentandi
627 1103 709 1161 ratio.
748 1099 788 1159 Ac
817 1100 852 1159 de
876 1098 988 1161 Iuliano
1017 1100 1137 1178 quidem
1161 1099 1302 1176 cogitavit

151 1205 310 1268 Muellerus
341 1203 528 1289 (Schuerer's
557 1207 757 1286 theologische
787 1206 1055 1285 Literaturzeitung
1080 1203 1163 1267 1877
1189 1205 1239 1265 Nr.
1261 1201 1301 1264 19

149 1332 177 1392 p.
200 1308 294 1395 525),
332 1316 476 1392 cogitasse
511 1314 627 1375 videtur
660 1314 835 1374 Theodorus
867 1313 947 1374 Zahn
985 1306 1064 1395 (loco
1094 1331 1183 1392 supra
1215 1311 1301 1371 allato

149 1438 177 1498 p.
196 1415 291 1503 452),
315 1430 468 1499 permotus
492 1431 618 1500 uterque
643 1421 759 1481 duobus
783 1421 901 1481 Macarii
925 1420 1006 1500 locis,
1030 1419 1081 1480 uhi
1105 1419 1297 1498 philosophus

152 1529 199 1586 sui
226 1530 368 1607 temporis
399 1532 542 1589 rationem
574 1529 698 1588 reddere
726 1529 851 1590 videtur.
893 1528 1001 1607 Pagina
1031 1529 1109 1587 enim
1142 1523 1204 1588 163
1235 1527 1301 1606 plus

152 1639 302 1694 trecentos
330 1654 423 1696 annos
452 1637 523 1696 dicit
551 1637 709 1696 transiisse
735 1644 804 1715 post
831 1645 978 1696 extremas
1005 1634 1116 1695 Christi
1144 1636 1301 1702 orationes.

155 1737 209 1800 Καὶ
242 1737 325 1817 ἰδοὺ,
357 1745 467 1823 inquit,
500 1739 660 1818 τριακόιια
688 1742 707 1819 ἢ
736 1741 786 1803 καὶ
815 1741 991 1818 περαιτέρω
1020 1740 1203 1803 δι’ῖππεαιεν
1232 1737 1301 1820 ἔτη,

152 1849 258 1925 pagina
281 1856 379 1909 autem
402 1847 473 1931 160,
490 1847 509 1910 6
533 1857 600 1928 post
620 1852 759 1928 scriptam
779 1849 863 1910 Pauli
882 1850 918 1909 ad
936 1848 1217 1909 Thessalonicenses
1241 1849 1301 1926 epi-

153 1954 260 2015 stulam
288 1959 419 2034 priorem
448 1958 550 2017 itidem
579 1934 728 2018 trecentcs
757 1976 858 2018 annos.
896 1956 1024 2017 Dubium
1052 1957 1131 2016 enim
1160 1973 1219 2015 non
1248 1950 1303 2036 est,

154 2065 225 2141 quin
249 2062 418 2123 Blondelins
442 2072 523 2124 recte
548 2067 705 2124 mutaverit
729 2060 782 2141 ἔτη
806 2060 976 2139 τριάκοντα
999 2065 1030 2124 in
1054 2058 1108 2138 ἔτη
1132 2057 1300 2137 τριακόιια.

153 2168 248 2248 Atque
273 2172 361 2229 etiam
384 2171 490 2231 allerre
515 2171 657 2249 quaedam
680 2189 816 2253 possum,
847 2190 921 2250 quae
950 2173 981 2231 in
1008 2169 1176 2250 philosophi
1204 2167 1302 2228 verbis

152 2273 297 2334 lulianam
330 2275 419 2336 olent.
468 2276 511 2336 lta
534 2296 562 2355 p.
586 2273 686 2358 55,2
723 2277 810 2338 verba
843 2280 986 2356 quaedam
1019 2275 1158 2338 Matthaei
1194 2272 1302 2336 ὕθλων

153 2379 328 2457 καπηλικὸν
362 2383 432 2442 dicit
465 2381 670 2463 philosophus:
708 2384 839 2444 lulianus
872 2385 948 2464 apud
978 2384 1118 2465 Cyrillum
1147 2403 1174 2463 p.
1198 2380 1301 2444 238E

154 2486 337 2548 Christianos
361 2491 517 2571 vituperat,
541 2491 620 2568 quod
644 2509 811 2569 cauponum
834 2493 923 2553 vitam
947 2494 1114 2553 imitentur:
1147 2487 1225 2567 βίοι(
1249 2484 1302 2550 ἀν-

154 2591 294 2670 θρώπων
314 2591 442 2671 ἑτέρων,
462 2595 615 2672 καπήλων
636 2592 874 2673 ...ἁρμόττειν
896 2595 1019 2678 ᾡήθητε
1039 2600 1152 2675 χρῆναι
1170 2594 1210 2657 τὰ
1229 2591 1304 2671 παρ’

154 2697 236 2778 ὑμῖν.
269 2701 350 2762 ldem
370 2722 398 2781 p.
418 2699 498 2762 39A
521 2705 678 2783 protitetur
701 2701 757 2764 τὰ(
779 2701 880 2765 αἰτίαι
898 2701 1039 2765 ἐκθέτθαι
1063 2705 1156 2766 πᾶαν
1180 2699 1303 2779 ἀνθρώ-

154 2827 227 2870 uon
246 2805 306 2886 ὑφ’
325 2804 372 2870 ὧν
395 2805 585 2888 ἐπείιθη[ν],
608 2806 658 2871 ὅτι
681 2811 747 2871 τῶν
767 2807 942 2872 Γαλιλαίων
960 2809 979 2888 ἡ
1000 2809 1154 2892 (usucapio
1176 2807 1303 2885 πλάτμα

154 2913 245 2976 ἐετίν.
279 2915 389 2976 Eodem
415 2917 501 2976 modo
525 2917 718 2996 philosophus
742 2938 770 2997 p.
790 2915 840 2999 56,
862 2916 903 2979 10
927 2915 954 2980 εἰ
977 2917 1037 2994 γὰρ
1062 2915 1164 2986 ὄντως
1187 2914 1303 2994 ἀληθὲς

154 3023 252 3082 τοῦτο
275 3020 326 3082 καὶ
350 3023 390 3100 μὴ
411 3020 537 3099 πλάτμα
560 3021 724 3105 τυγχάνει,
747 3045 775 3103 p.
796 3021 847 3106 57,
868 3024 909 3086 12
932 3022 1018 3106 ὅθεν,
1041 3022 1085 3087 ὼε
1108 3023 1173 3099 ἐγὼ
1198 3021 1303 3106 κρίνω,

154 3124 281 3203 πλάεμα
309 3132 364 3204 τῆ(
392 3126 529 3205 λιτορίαι
552 3128 668 3206 ταύτης
695 3128 715 3207 ἡ
740 3128 908 3213 ἀφήγηει(;
938 3152 967 3212 p.
991 3129 1048 3213 57,
1074 3130 1115 3193 14
1143 3129 1169 3194 εἰ
1193 3127 1222 3192 δ’
1244 3127 1303 3192 οὖν
1344 3175 1347 3178 «

156 3230 283 3310 πλάτμα
306 3233 456 3313 τυγχάνει
480 3244 509 3297 et
533 3239 659 3316 saepius.
697 3236 813 3316 Optime
845 3242 931 3299 etiam
961 3239 1119 3299 exclamari
1141 3247 1303 3319 potuerunt

155 3360 172 3400 a
189 3340 302 3401 loliano
320 3361 408 3403 voces
430 3361 459 3422 p.
474 3339 525 3423 55,
543 3340 583 3404 15
607 3346 671 3419 φεῦ
689 3346 745 3421 τῆ(
764 3341 979 3406 ἀπαιδεαιίαιλ
1004 3347 1067 3422 φεῦ
1086 3347 1142 3419 τῆ(
1166 3347 1302 3423 κωμικῆς

155 3444 292 3524 πλάνητλ
317 3457 346 3509 et
365 3452 390 3510 si
408 3450 603 3530 philosophus
621 3471 648 3531 p.
664 3447 715 3532 55,
733 3450 770 3511 11
793 3450 819 3512 ὢ
839 3454 949 3528 μῦθοι,
968 3455 1074 3534 inquit,
1098 3450 1124 3512 ὢ
1144 3453 1253 3529 λῆρος,
1274 3450 1301 3514 ὢ

156 3553 260 3629 γέλω(
274 3551 378 3616 ὄντω(
393 3556 513 3618 πλατὺ(
528 3557 710 3637 respondent
724 3558 828 3618 luliani
841 3558 930 3618 verba
945 3561 1056 3619 ironice
1071 3559 1149 3620 dicta
1168 3579 1196 3639 p.
1208 3556 1301 3621 2241)

157 3657 184 3719 ὢ
212 3659 345 3736 μέγεθο(
373 3650 498 3738 ἀρετῆιλ
534 3661 560 3724 ὢ
589 3661 702 3740 copia(
730 3662 884 3726 uhodaoc!
921 3664 1016 3743 Atque
1046 3668 1133 3726 etiam
1160 3685 1194 3726 ea
1226 3683 1301 3745 quae

156 3785 185 3846 p.
200 3763 252 3849 56,
267 3764 310 3828 20
322 3787 385 3847 sqq.
410 3769 445 3827 de
465 3768 657 3830 harbarorum
682 3773 788 3850 pugnis
812 3771 961 3850 dicuntur,
984 3771 1068 3832 facile
1092 3783 1217 3851 possunt
1236 3791 1301 3833 esse

157 3872 269 3933 luliani.
306 3874 424 3935 Maximi
447 3885 546 3937 autem
565 3880 707 3938 momenti
725 3878 841 3938 videtur
865 3878 920 3938 hoc
940 3897 1014 3938 esse.
1051 3877 1111 3938 lam
1134 3880 1302 3958 supradixi

156 3981 188 4039 in
219 3981 317 4043 medio
349 3981 425 4043 libro
456 3987 544 4044 tertio
578 3987 736 4046 transitum
770 3987 833 4046 fieri
866 4005 881 4045 a
912 3988 1045 4046 tractatis
1075 3986 1238 4065 evangeliis,
1265 3986 1300 4047 ad

157 4088 366 4149 examinandos
390 4090 521 4170 reliquos
540 4093 608 4151 novi
631 4095 800 4153 testamenti
818 4092 918 4153 libros,
954 4093 1015 4154 lam
1036 4096 1061 4154 si
1080 4093 1301 4154 consideramus

156 4193 290 4272 perditos
313 4213 379 4256 esse
407 4197 537 4274 primum
561 4206 590 4259 ct
614 4200 749 4276 quintum
773 4199 892 4260 Macarii
915 4201 1036 4282 librum,
1064 4199 1186 4262 collecta
1209 4201 1301 4278 philo-

157 4299 243 4379 sophi
262 4302 386 4362 crimina
412 4303 490 4364 idem
514 4304 672 4367 statuenda
700 4314 775 4368 sunt
795 4309 933 4388 spatium
954 4322 1129 4395 occupasss
1152 4312 1253 4372 mam
1272 4300 1374 4364 ms

163 4442 169 4452 ,
204 4409 310 4451 Iulianus
325 4412 357 4454 ed.
372 4414 504 4460 heumann.
1114 4406 1140 4450 (ζ
