2910 4688
145 220 188 285 γυ
650 216 741 286 Caput
758 217 779 273 Ι.

148 402 216 445 ιων.
257 378 365 455 ἀμέλει
392 384 473 455 γοῦν
496 380 652 468 χθὲς,,οὐ
675 380 783 460 πάλαι,
813 379 996 460 (πωλήςατε
1031 381 1073 444 τὰ
1104 380 1293 459 ὑπάρχοντα

144 488 283 561 turoi-iio
298 486 464 566 εὐςχήμοςι
478 486 570 551 ταῦτ’
582 489 782 566 ἐπαναγινώ-
811 488 863 551 καὶ
877 487 951 552 δότε
970 492 1123 566 πτωχοῖς·
1138 489 1290 567 ποιήςατε

143 615 271 661 ικοντες
292 593 454 673 “ιιιίιληςόν
469 616 524 659 coo
542 596 582 658 τὰ
596 595 784 674 ὑπάρχοντα
812 594 939 659 ἑαυτοῖς
964 593 1137 675 βαλλάντια
1164 597 1204 674 μὴ
1229 616 1290 658 πα-

97 690 108 707 *
142 704 193 767 καὶ
212 704 267 768 δός
287 705 438 779 πτωχοῖς,
457 703 508 765 καὶ
530 703 609 767 ἕξεις
624 705 783 782 θηςαυρὸν
812 700 1291 781 λαιούμενα’.ταύτηςτίςείπείν

142 812 178 877 ἑν
198 806 370 887 οὺρανοῑς’,
397 807 526 873 ἔπειςαν
549 812 653 874 πᾶςαν
673 811 783 874 οὐςίαν
811 807 877 887 ἔχει
895 810 1147 887 πολιτικωτέραν
1165 813 1220 888 τῆς
1238 809 1290 872 ἐν·

141 919 182 995 ἣν
204 914 293 993 εἶχον
317 916 368 980 καὶ
390 916 524 993 ὕπαρξιν
549 921 706 995 διανεῖμαι
727 921 781 984 πέ-
810 919 920 995 τολής;
955 915 982 979 εἰ
1009 917 1071 995 γὰρ
1100 914 1218 980 πάντες
1242 937 1291 980 ςοι

142 1043 218 1101 νηςι,
238 1022 289 1087 καὶ
307 1022 405 1086 αὐτὰς
425 1023 469 1086 εἰς
484 1021 610 1088 ἔνδειαν
629 1025 782 1089 ἑλθοιίςας
810 1021 1291 1105 πειςθεῖεν,τίςδόινηςόμενος;

142 1128 338 1207 ἑρανίζεςθαι
348 1129 381 1195 ἐξ
391 1130 574 1208 ἐλευθερίας
591 1132 635 1195 εἰς
646 1130 782 1212 άςεμνον
810 1131 936 1194 ἐπαινεῖ
948 1129 994 1192 τίς
1004 1129 1124 1207 ταύτην
1133 1131 1192 1208 τὴν
1204 1133 1291 1192 διδα-

142 1234 307 1314 άπαίτηςιν
326 1235 487 1317 ἑλθούςας,
511 1239 655 1304 ἐλεεινόν
678 1241 711 1308 ἐξ
732 1241 782 1304 εὐ·
811 1236 949 1316 ςκαλίαν,
964 1235 1001 1314 ἧς
1014 1236 1236 1315 κρατυνθείςης
1251 1235 1292 1299 οὐ

142 1342 306 1419 δαιμονίας
321 1342 516 1408 ἑπελθούςας
531 1344 713 1425 πρόςωπον,
732 1348 783 1411 καὶ
811 1342 912 1422 πόλις,
927 1343 985 1407 οὐκ
1005 1342 1106 1423 ἔθνος,
1130 1343 1188 1407 οὐκ
1207 1341 1291 1407 οἰκία

140 1451 234 1514 τέλος
260 1449 504 1526 ἀναγκαςθείςας
535 1453 587 1516 ἐπὶ
610 1453 666 1516 τὰς
689 1452 781 1530 ἐχόν-
811 1450 864 1528 μία
897 1452 1088 1530 ςνςτήςεται;
1125 1437 1195 1513 πῶς
1227 1449 1290 1528 γὰρ

143 1577 209 1621 των
237 1556 336 1621 οἰκίας
360 1556 499 1637 ἀπιέναι,
523 1557 604 1636 ὅπερ
633 1560 696 1622 ἐςτὶ
727 1492 999 1640 τῆςόπραθέντων
1023 1557 1176 1621 ἁπάντων
1202 1555 1291 1622 οἶκος

144 1663 286 1741 πρώτης,
310 1666 433 1741 μᾶλλον
457 1664 485 1728 δ’
503 1665 635 1744 ἐςχάτης
660 1666 782 1746 ὕβρεώς
795 1692 797 1699 ·
811 1664 936 1743 ἔντιμος
955 1663 1036 1729 εἶναι
1054 1664 1186 1730 δύναταί
1205 1683 1251 1727 τις
1271 1665 1290 1742 ἢ

142 1792 176 1836 τε
198 1771 248 1834 καί
268 1775 438 1850 ςνμφορᾶς,
459 1776 526 1837 τῶν
545 1773 672 1838 οἰκείων
691 1776 782 1838 ἑκπε-
811 1772 906 1848 οἰκία;
935 1773 973 1861 τό
1002 1775 1052 1852 δὲ,
1085 1771 1134 1836 ότι
1158 1770 1291 1834 πάντων

145 1883 210 1943 ςεῖν
235 1877 394 1958 εὐςεβείας
418 1882 623 1959 προςχήματι,
647 1882 783 1945 καὶτῶν
811 1879 892 1957 ὁμοῦ
915 1883 982 1944 τῶν
1001 1881 1037 1944 ἐν
1060 1886 1098 1964 τῇ
1122 1878 1215 1943 πόλει
1236 1865 1289 1942 ’πι-

140 1984 319 2063 ἀλλοτρίων
337 1987 413 2063 ἐράν
431 1984 552 2070 ἀνάγκῃ
574 1992 630 2066 τῆς
650 1988 782 2051 ἐνδείας.
810 1988 1053 2066 πραςκομένων,
1074 1985 1185 2050 οὐκᾶν
1201 1983 1292 2062 εὑρε-

141 2091 188 2158 ’et
222 2090 268 2156 ὡν
301 2096 389 2156 δοκεῖ
420 2113 473 2171 μοι
504 2098 605 2157 ταῦτα
633 2095 783 2171 γυναικὸς
810 2098 897 2157 θεῖεν
911 2093 941 2158 οἱ
952 2093 1175 2172 ἀγοράζοντες,
1190 2112 1291 2171 φανε-

142 2197 223 2263 είναι
247 2198 423 2278 καμνοόςης
445 2199 485 2262 τὰ
508 2199 641 2279 ῥήματα.
810 2200 869 2278 ρόν
893 2202 956 2264 ἐςτι
980 2201 1030 2264 καὶ
1055 2198 1271 2278 ςιωπώμενον.

230 2345 304 2416 Quis
328 2347 418 2423 igitur
447 2354 492 2405 est
515 2349 567 2424 qui
590 2348 654 2407 tieri
684 2349 816 2426 potuisse
841 2356 973 2428 censeat,
1001 2355 1035 2407 ut
1061 2345 1193 2406 lulianus
1221 2364 1290 2406 cum

142 2453 235 2514 eitero
259 2452 324 2512 loeo
348 2451 515 2532 philosophi
537 2453 636 2513 verbis
659 2472 733 2514 usus
756 2463 848 2534 esset,
872 2453 964 2514 attero
988 2472 1022 2513 ea
1046 2465 1121 2532 quae
1145 2471 1161 2513 a
1184 2452 1291 2512 Photio

142 2569 256 2621 servata
285 2567 354 2619 sunt
382 2556 551 2637 proterret?
596 2559 766 2640 Philosophi
794 2563 885 2639 igitur
918 2562 1117 2638 fragmentum
1149 2577 1209 2620 non
1241 2559 1291 2619 de·

140 2679 311 2747 promptum
331 2674 377 2726 est
396 2685 431 2726 ex
450 2664 554 2726 iuliani
572 2666 664 2727 libris
693 2667 747 2728 Est
765 2676 864 2728 eutem
884 2686 991 2747 operae
1010 2669 1140 2746 pretium
1159 2666 1289 2727 animad-

141 2784 267 2848 vertere,
291 2780 400 2851 quanta
423 2776 462 2833 sit
485 2774 602 2834 dicendi
621 2774 801 2836 differentia:
826 2775 926 2835 sedate
948 2777 1027 2834 enim
1046 2776 1180 2834 oratione
1203 2791 1290 2852 ergu-

142 2889 292 2942 mentetur
310 2879 518 2962 philosophus,
536 2880 631 2940 oluere
651 2889 681 2942 et
696 2885 855 2942 excitatum
873 2880 978 2942 Iuliani
996 2882 1149 2959 ingenium
1168 2887 1291 2960 apparet

141 3009 177 3049 eu
206 2990 339 3049 oratione
371 2987 652 3066 interrogationibus
681 2988 797 3048 referta.
839 2987 941 3066 Neque
974 2989 1073 3047 minus
1101 2989 1215 3065 insigne
1245 2994 1292 3047 est

141 3096 267 3157 aiterum
300 3093 475 3172 exemplum.
521 3093 717 3174 Philosophus
749 3097 828 3154 enim
860 3104 948 3173 negat
981 3101 1097 3154 exstare
1131 3094 1290 3172 quicquam

141 3203 284 3263 librorum
305 3200 416 3261 aMoso
436 3203 630 3282 scriptorum3
650 3220 752 3262 omnes
771 3203 862 3275 enim,
884 3204 935 3279 qui
955 3203 1018 3261 eius
1038 3202 1157 3260 nomine
1176 3199 1290 3259 serren-

140 3317 191 3370 tur
222 3313 326 3387 postea
358 3306 393 3366 ab
422 3306 515 3367 Esdra
546 3325 612 3366 esse
645 3309 838 3385 conscriptos.
884 3306 957 3366 Nam
986 3305 1161 3381 Μωυςέως,
1193 3307 1292 3384 inquit

139 3435 167 3496 p.
192 3412 244 3496 54,
263 3411 297 3493 3,
330 3409 427 3475 οὐδὲν
454 3409 661 3477 ἀποςώζεται.
708 3410 933 3489 ςυγγράμματα
960 3411 1021 3488 γὰρ
1049 3408 1156 3474 πάντα
1184 3429 1292 3488 ςννεμ-

141 3523 318 3596 πεπρῆςθαι
337 3521 382 3600 τῷ
401 3521 470 3600 ναῷ
490 3519 622 3594 λέγεται.
650 3515 709 3580 όςα
728 3514 757 3580 δ>
770 3515 820 3580 ἐπ’
835 3515 967 3595 ὀνόματι
982 3518 1144 3580 Μωυςέως
1162 3514 1289 3595 ἐγράφη

141 3626 219 3705 μετὰ
252 3630 365 3703 ταῦτα,
397 3625 475 3702 μετά
508 3625 594 3702 χίλια
621 3624 672 3688 καὶ
700 3623 814 3688 ἑκατὸν
842 3624 893 3687 καὶ
922 3622 1124 3703 ὀγδοήκοντα
1152 3621 1205 3700 ἔτη
1234 3627 1290 3701 τῆς

143 3733 305 3799 Μωυςέως
328 3735 479 3810 τελευτῆς
503 3732 566 3795 ὑπὸ
585 3729 700 3809 Ἕςδρα
723 3731 858 3794 καὶτῶν
881 3726 960 3808 ἀμφ’
979 3729 1079 3794 αὐτὸν
1098 3729 1291 3808 ςονεγράφη.

142 3844 184 3904 De
207 3842 320 3903 Iuliano
349 3849 447 3902 autem
472 3841 597 3922 Cyrillus
620 3861 648 3920 p.
675 3837 776 3901 lost
804 3838 882 3901 ποτὲ
906 3837 964 3914 μέν
988 3856 1076 3919 φηςι,
1100 3842 1209 3920 inquit,
1232 3836 1291 3900 τὸν

140 3946 337 4026 ἱεροφάντην
361 3947 498 4011 Μωυςέα
522 3949 776 4026 δημαγωγοῦντα
800 3947 923 4023 μᾶλλον
948 3946 967 4023 ἢ
992 3943 1192 4022 ἀληθεύοντα
1215 3944 1300 4006 τοὺς.

141 4178 204 4235 looo
218 4177 346 4232 laudaviz
366 4171 563 4244 quaestionum
576 4175 700 4244 Amphil.
715 4173 810 4243 editio,
830 4190 901 4242 quae
915 4173 970 4228 rol.
986 4172 1027 4227 ot.
1048 4170 1214 4236 continetur,
1233 4187 1290 4225 non

77 4238 257 4408 'gn
268 4266 412 4333 quendum
424 4265 579 4321 editionem
594 4264 736 4336 repetivit,
750 4264 799 4319 sed
813 4280 914 4318 novam
929 4261 1290 4332 proebetHergenroetheri

239 4367 317 4407 nem.
